%YAML 1.1
%TAG !u! tag:unity3d.com,2011:
--- !u!1001 &1092005802650557326
PrefabInstance:
  m_ObjectHideFlags: 0
  serializedVersion: 2
  m_Modification:
    m_TransformParent: {fileID: 3117325637414773899}
    m_Modifications:
    - target: {fileID: 50214250492361257, guid: d4df0f8773094cb4b8746b86835825a7,
        type: 3}
      propertyPath: m_Name
      value: SM_WaterDrum (4)
      objectReference: {fileID: 0}
    - target: {fileID: 3956759996096874554, guid: d4df0f8773094cb4b8746b86835825a7,
        type: 3}
      propertyPath: m_LocalPosition.x
      value: 0.062999964
      objectReference: {fileID: 0}
    - target: {fileID: 3956759996096874554, guid: d4df0f8773094cb4b8746b86835825a7,
        type: 3}
      propertyPath: m_LocalPosition.y
      value: 0.277783
      objectReference: {fileID: 0}
    - target: {fileID: 3956759996096874554, guid: d4df0f8773094cb4b8746b86835825a7,
        type: 3}
      propertyPath: m_LocalPosition.z
      value: -0.035
      objectReference: {fileID: 0}
    - target: {fileID: 3956759996096874554, guid: d4df0f8773094cb4b8746b86835825a7,
        type: 3}
      propertyPath: m_LocalRotation.x
      value: -0
      objectReference: {fileID: 0}
    - target: {fileID: 3956759996096874554, guid: d4df0f8773094cb4b8746b86835825a7,
        type: 3}
      propertyPath: m_LocalRotation.y
      value: -0
      objectReference: {fileID: 0}
    - target: {fileID: 3956759996096874554, guid: d4df0f8773094cb4b8746b86835825a7,
        type: 3}
      propertyPath: m_LocalRotation.z
      value: -0
      objectReference: {fileID: 0}
    - target: {fileID: 3956759996096874554, guid: d4df0f8773094cb4b8746b86835825a7,
        type: 3}
      propertyPath: m_LocalRotation.w
      value: 1
      objectReference: {fileID: 0}
    - target: {fileID: 3956759996096874554, guid: d4df0f8773094cb4b8746b86835825a7,
        type: 3}
      propertyPath: m_RootOrder
      value: 6
      objectReference: {fileID: 0}
    - target: {fileID: 3956759996096874554, guid: d4df0f8773094cb4b8746b86835825a7,
        type: 3}
      propertyPath: m_LocalEulerAnglesHint.x
      value: 0
      objectReference: {fileID: 0}
    - target: {fileID: 3956759996096874554, guid: d4df0f8773094cb4b8746b86835825a7,
        type: 3}
      propertyPath: m_LocalEulerAnglesHint.y
      value: 0
      objectReference: {fileID: 0}
    - target: {fileID: 3956759996096874554, guid: d4df0f8773094cb4b8746b86835825a7,
        type: 3}
      propertyPath: m_LocalEulerAnglesHint.z
      value: 0
      objectReference: {fileID: 0}
    m_RemovedComponents: []
  m_SourcePrefab: {fileID: 100100000, guid: d4df0f8773094cb4b8746b86835825a7, type: 3}
--- !u!1001 &1898398033826667072
PrefabInstance:
  m_ObjectHideFlags: 0
  serializedVersion: 2
  m_Modification:
    m_TransformParent: {fileID: 3117325637414773899}
    m_Modifications:
    - target: {fileID: 50214250492361257, guid: d4df0f8773094cb4b8746b86835825a7,
        type: 3}
      propertyPath: m_Name
      value: SM_WaterDrum
      objectReference: {fileID: 0}
    - target: {fileID: 3956759996096874554, guid: d4df0f8773094cb4b8746b86835825a7,
        type: 3}
      propertyPath: m_LocalPosition.x
      value: 0.991
      objectReference: {fileID: 0}
    - target: {fileID: 3956759996096874554, guid: d4df0f8773094cb4b8746b86835825a7,
        type: 3}
      propertyPath: m_LocalPosition.y
      value: 0.27778313
      objectReference: {fileID: 0}
    - target: {fileID: 3956759996096874554, guid: d4df0f8773094cb4b8746b86835825a7,
        type: 3}
      propertyPath: m_LocalPosition.z
      value: -0.956
      objectReference: {fileID: 0}
    - target: {fileID: 3956759996096874554, guid: d4df0f8773094cb4b8746b86835825a7,
        type: 3}
      propertyPath: m_LocalRotation.x
      value: -0
      objectReference: {fileID: 0}
    - target: {fileID: 3956759996096874554, guid: d4df0f8773094cb4b8746b86835825a7,
        type: 3}
      propertyPath: m_LocalRotation.y
      value: -0.42343894
      objectReference: {fileID: 0}
    - target: {fileID: 3956759996096874554, guid: d4df0f8773094cb4b8746b86835825a7,
        type: 3}
      propertyPath: m_LocalRotation.z
      value: -0
      objectReference: {fileID: 0}
    - target: {fileID: 3956759996096874554, guid: d4df0f8773094cb4b8746b86835825a7,
        type: 3}
      propertyPath: m_LocalRotation.w
      value: 0.90592474
      objectReference: {fileID: 0}
    - target: {fileID: 3956759996096874554, guid: d4df0f8773094cb4b8746b86835825a7,
        type: 3}
      propertyPath: m_RootOrder
      value: 2
      objectReference: {fileID: 0}
    - target: {fileID: 3956759996096874554, guid: d4df0f8773094cb4b8746b86835825a7,
        type: 3}
      propertyPath: m_LocalEulerAnglesHint.x
      value: 0
      objectReference: {fileID: 0}
    - target: {fileID: 3956759996096874554, guid: d4df0f8773094cb4b8746b86835825a7,
        type: 3}
      propertyPath: m_LocalEulerAnglesHint.y
      value: -50.104004
      objectReference: {fileID: 0}
    - target: {fileID: 3956759996096874554, guid: d4df0f8773094cb4b8746b86835825a7,
        type: 3}
      propertyPath: m_LocalEulerAnglesHint.z
      value: 0
      objectReference: {fileID: 0}
    m_RemovedComponents: []
  m_SourcePrefab: {fileID: 100100000, guid: d4df0f8773094cb4b8746b86835825a7, type: 3}
--- !u!1001 &4230388595190738228
PrefabInstance:
  m_ObjectHideFlags: 0
  serializedVersion: 2
  m_Modification:
    m_TransformParent: {fileID: 3117325637414773899}
    m_Modifications:
    - target: {fileID: 50214250492361257, guid: d4df0f8773094cb4b8746b86835825a7,
        type: 3}
      propertyPath: m_Name
      value: SM_WaterDrum (6)
      objectReference: {fileID: 0}
    - target: {fileID: 3956759996096874554, guid: d4df0f8773094cb4b8746b86835825a7,
        type: 3}
      propertyPath: m_LocalPosition.x
      value: -0.881
      objectReference: {fileID: 0}
    - target: {fileID: 3956759996096874554, guid: d4df0f8773094cb4b8746b86835825a7,
        type: 3}
      propertyPath: m_LocalPosition.y
      value: 0.27778313
      objectReference: {fileID: 0}
    - target: {fileID: 3956759996096874554, guid: d4df0f8773094cb4b8746b86835825a7,
        type: 3}
      propertyPath: m_LocalPosition.z
      value: -0.956
      objectReference: {fileID: 0}
    - target: {fileID: 3956759996096874554, guid: d4df0f8773094cb4b8746b86835825a7,
        type: 3}
      propertyPath: m_LocalRotation.x
      value: -0
      objectReference: {fileID: 0}
    - target: {fileID: 3956759996096874554, guid: d4df0f8773094cb4b8746b86835825a7,
        type: 3}
      propertyPath: m_LocalRotation.y
      value: -0
      objectReference: {fileID: 0}
    - target: {fileID: 3956759996096874554, guid: d4df0f8773094cb4b8746b86835825a7,
        type: 3}
      propertyPath: m_LocalRotation.z
      value: -0
      objectReference: {fileID: 0}
    - target: {fileID: 3956759996096874554, guid: d4df0f8773094cb4b8746b86835825a7,
        type: 3}
      propertyPath: m_LocalRotation.w
      value: 1
      objectReference: {fileID: 0}
    - target: {fileID: 3956759996096874554, guid: d4df0f8773094cb4b8746b86835825a7,
        type: 3}
      propertyPath: m_RootOrder
      value: 8
      objectReference: {fileID: 0}
    - target: {fileID: 3956759996096874554, guid: d4df0f8773094cb4b8746b86835825a7,
        type: 3}
      propertyPath: m_LocalEulerAnglesHint.x
      value: 0
      objectReference: {fileID: 0}
    - target: {fileID: 3956759996096874554, guid: d4df0f8773094cb4b8746b86835825a7,
        type: 3}
      propertyPath: m_LocalEulerAnglesHint.y
      value: 0
      objectReference: {fileID: 0}
    - target: {fileID: 3956759996096874554, guid: d4df0f8773094cb4b8746b86835825a7,
        type: 3}
      propertyPath: m_LocalEulerAnglesHint.z
      value: 0
      objectReference: {fileID: 0}
    - target: {fileID: 6413409217899866369, guid: d4df0f8773094cb4b8746b86835825a7,
        type: 3}
      propertyPath: m_LocalRotation.x
      value: -0.69170153
      objectReference: {fileID: 0}
    - target: {fileID: 6413409217899866369, guid: d4df0f8773094cb4b8746b86835825a7,
        type: 3}
      propertyPath: m_LocalRotation.y
      value: -0.14679599
      objectReference: {fileID: 0}
    - target: {fileID: 6413409217899866369, guid: d4df0f8773094cb4b8746b86835825a7,
        type: 3}
      propertyPath: m_LocalRotation.z
      value: -0.14679594
      objectReference: {fileID: 0}
    - target: {fileID: 6413409217899866369, guid: d4df0f8773094cb4b8746b86835825a7,
        type: 3}
      propertyPath: m_LocalRotation.w
      value: 0.69170153
      objectReference: {fileID: 0}
    - target: {fileID: 6413409217899866369, guid: d4df0f8773094cb4b8746b86835825a7,
        type: 3}
      propertyPath: m_LocalEulerAnglesHint.x
      value: -90.00001
      objectReference: {fileID: 0}
    - target: {fileID: 6413409217899866369, guid: d4df0f8773094cb4b8746b86835825a7,
        type: 3}
      propertyPath: m_LocalEulerAnglesHint.z
      value: -23.964
      objectReference: {fileID: 0}
    m_RemovedComponents: []
  m_SourcePrefab: {fileID: 100100000, guid: d4df0f8773094cb4b8746b86835825a7, type: 3}
--- !u!1001 &4472839611686705066
PrefabInstance:
  m_ObjectHideFlags: 0
  serializedVersion: 2
  m_Modification:
    m_TransformParent: {fileID: 0}
    m_Modifications:
    - target: {fileID: 1535798714037351201, guid: c3e7945b9e5ebba4bb0d878c5765cf61,
        type: 3}
      propertyPath: m_LocalPosition.x
      value: 0
      objectReference: {fileID: 0}
    - target: {fileID: 1535798714037351201, guid: c3e7945b9e5ebba4bb0d878c5765cf61,
        type: 3}
      propertyPath: m_LocalPosition.y
      value: 0
      objectReference: {fileID: 0}
    - target: {fileID: 1535798714037351201, guid: c3e7945b9e5ebba4bb0d878c5765cf61,
        type: 3}
      propertyPath: m_LocalPosition.z
      value: 0
      objectReference: {fileID: 0}
    - target: {fileID: 1535798714037351201, guid: c3e7945b9e5ebba4bb0d878c5765cf61,
        type: 3}
      propertyPath: m_LocalRotation.x
      value: 0
      objectReference: {fileID: 0}
    - target: {fileID: 1535798714037351201, guid: c3e7945b9e5ebba4bb0d878c5765cf61,
        type: 3}
      propertyPath: m_LocalRotation.y
      value: 0
      objectReference: {fileID: 0}
    - target: {fileID: 1535798714037351201, guid: c3e7945b9e5ebba4bb0d878c5765cf61,
        type: 3}
      propertyPath: m_LocalRotation.z
      value: 0
      objectReference: {fileID: 0}
    - target: {fileID: 1535798714037351201, guid: c3e7945b9e5ebba4bb0d878c5765cf61,
        type: 3}
      propertyPath: m_LocalRotation.w
      value: 1
      objectReference: {fileID: 0}
    - target: {fileID: 1535798714037351201, guid: c3e7945b9e5ebba4bb0d878c5765cf61,
        type: 3}
      propertyPath: m_RootOrder
      value: 0
      objectReference: {fileID: 0}
    - target: {fileID: 1535798714037351201, guid: c3e7945b9e5ebba4bb0d878c5765cf61,
        type: 3}
      propertyPath: m_LocalEulerAnglesHint.x
      value: 0
      objectReference: {fileID: 0}
    - target: {fileID: 1535798714037351201, guid: c3e7945b9e5ebba4bb0d878c5765cf61,
        type: 3}
      propertyPath: m_LocalEulerAnglesHint.y
      value: 0
      objectReference: {fileID: 0}
    - target: {fileID: 1535798714037351201, guid: c3e7945b9e5ebba4bb0d878c5765cf61,
        type: 3}
      propertyPath: m_LocalEulerAnglesHint.z
      value: 0
      objectReference: {fileID: 0}
    - target: {fileID: 2525139589545607474, guid: c3e7945b9e5ebba4bb0d878c5765cf61,
        type: 3}
      propertyPath: m_Name
      value: SM_PalletStacked
      objectReference: {fileID: 0}
    m_RemovedComponents: []
  m_SourcePrefab: {fileID: 100100000, guid: c3e7945b9e5ebba4bb0d878c5765cf61, type: 3}
--- !u!4 &3117325637414773899 stripped
Transform:
  m_CorrespondingSourceObject: {fileID: 1535798714037351201, guid: c3e7945b9e5ebba4bb0d878c5765cf61,
    type: 3}
  m_PrefabInstance: {fileID: 4472839611686705066}
  m_PrefabAsset: {fileID: 0}
--- !u!1001 &4564331412247020911
PrefabInstance:
  m_ObjectHideFlags: 0
  serializedVersion: 2
  m_Modification:
    m_TransformParent: {fileID: 3117325637414773899}
    m_Modifications:
    - target: {fileID: 50214250492361257, guid: d4df0f8773094cb4b8746b86835825a7,
        type: 3}
      propertyPath: m_Name
      value: SM_WaterDrum (8)
      objectReference: {fileID: 0}
    - target: {fileID: 3956759996096874554, guid: d4df0f8773094cb4b8746b86835825a7,
        type: 3}
      propertyPath: m_LocalPosition.x
      value: -0.9
      objectReference: {fileID: 0}
    - target: {fileID: 3956759996096874554, guid: d4df0f8773094cb4b8746b86835825a7,
        type: 3}
      propertyPath: m_LocalPosition.y
      value: 0.2777829
      objectReference: {fileID: 0}
    - target: {fileID: 3956759996096874554, guid: d4df0f8773094cb4b8746b86835825a7,
        type: 3}
      propertyPath: m_LocalPosition.z
      value: 0.96
      objectReference: {fileID: 0}
    - target: {fileID: 3956759996096874554, guid: d4df0f8773094cb4b8746b86835825a7,
        type: 3}
      propertyPath: m_LocalRotation.x
      value: -0
      objectReference: {fileID: 0}
    - target: {fileID: 3956759996096874554, guid: d4df0f8773094cb4b8746b86835825a7,
        type: 3}
      propertyPath: m_LocalRotation.y
      value: -0.6531802
      objectReference: {fileID: 0}
    - target: {fileID: 3956759996096874554, guid: d4df0f8773094cb4b8746b86835825a7,
        type: 3}
      propertyPath: m_LocalRotation.z
      value: -0
      objectReference: {fileID: 0}
    - target: {fileID: 3956759996096874554, guid: d4df0f8773094cb4b8746b86835825a7,
        type: 3}
      propertyPath: m_LocalRotation.w
      value: 0.75720257
      objectReference: {fileID: 0}
    - target: {fileID: 3956759996096874554, guid: d4df0f8773094cb4b8746b86835825a7,
        type: 3}
      propertyPath: m_RootOrder
      value: 10
      objectReference: {fileID: 0}
    - target: {fileID: 3956759996096874554, guid: d4df0f8773094cb4b8746b86835825a7,
        type: 3}
      propertyPath: m_LocalEulerAnglesHint.x
      value: 0
      objectReference: {fileID: 0}
    - target: {fileID: 3956759996096874554, guid: d4df0f8773094cb4b8746b86835825a7,
        type: 3}
      propertyPath: m_LocalEulerAnglesHint.y
      value: -81.564
      objectReference: {fileID: 0}
    - target: {fileID: 3956759996096874554, guid: d4df0f8773094cb4b8746b86835825a7,
        type: 3}
      propertyPath: m_LocalEulerAnglesHint.z
      value: 0
      objectReference: {fileID: 0}
    m_RemovedComponents: []
  m_SourcePrefab: {fileID: 100100000, guid: d4df0f8773094cb4b8746b86835825a7, type: 3}
--- !u!1001 &4889260544185737358
PrefabInstance:
  m_ObjectHideFlags: 0
  serializedVersion: 2
  m_Modification:
    m_TransformParent: {fileID: 3117325637414773899}
    m_Modifications:
    - target: {fileID: 50214250492361257, guid: d4df0f8773094cb4b8746b86835825a7,
        type: 3}
      propertyPath: m_Name
      value: SM_WaterDrum (1)
      objectReference: {fileID: 0}
    - target: {fileID: 3956759996096874554, guid: d4df0f8773094cb4b8746b86835825a7,
        type: 3}
      propertyPath: m_LocalPosition.x
      value: 0.965
      objectReference: {fileID: 0}
    - target: {fileID: 3956759996096874554, guid: d4df0f8773094cb4b8746b86835825a7,
        type: 3}
      propertyPath: m_LocalPosition.y
      value: 0.277783
      objectReference: {fileID: 0}
    - target: {fileID: 3956759996096874554, guid: d4df0f8773094cb4b8746b86835825a7,
        type: 3}
      propertyPath: m_LocalPosition.z
      value: -0.035
      objectReference: {fileID: 0}
    - target: {fileID: 3956759996096874554, guid: d4df0f8773094cb4b8746b86835825a7,
        type: 3}
      propertyPath: m_LocalRotation.x
      value: -0
      objectReference: {fileID: 0}
    - target: {fileID: 3956759996096874554, guid: d4df0f8773094cb4b8746b86835825a7,
        type: 3}
      propertyPath: m_LocalRotation.y
      value: 0.20318383
      objectReference: {fileID: 0}
    - target: {fileID: 3956759996096874554, guid: d4df0f8773094cb4b8746b86835825a7,
        type: 3}
      propertyPath: m_LocalRotation.z
      value: -0
      objectReference: {fileID: 0}
    - target: {fileID: 3956759996096874554, guid: d4df0f8773094cb4b8746b86835825a7,
        type: 3}
      propertyPath: m_LocalRotation.w
      value: 0.97914064
      objectReference: {fileID: 0}
    - target: {fileID: 3956759996096874554, guid: d4df0f8773094cb4b8746b86835825a7,
        type: 3}
      propertyPath: m_RootOrder
      value: 3
      objectReference: {fileID: 0}
    - target: {fileID: 3956759996096874554, guid: d4df0f8773094cb4b8746b86835825a7,
        type: 3}
      propertyPath: m_LocalEulerAnglesHint.x
      value: 0
      objectReference: {fileID: 0}
    - target: {fileID: 3956759996096874554, guid: d4df0f8773094cb4b8746b86835825a7,
        type: 3}
      propertyPath: m_LocalEulerAnglesHint.y
      value: 23.446001
      objectReference: {fileID: 0}
    - target: {fileID: 3956759996096874554, guid: d4df0f8773094cb4b8746b86835825a7,
        type: 3}
      propertyPath: m_LocalEulerAnglesHint.z
      value: 0
      objectReference: {fileID: 0}
    m_RemovedComponents: []
  m_SourcePrefab: {fileID: 100100000, guid: d4df0f8773094cb4b8746b86835825a7, type: 3}
--- !u!1001 &6060964944138630600
PrefabInstance:
  m_ObjectHideFlags: 0
  serializedVersion: 2
  m_Modification:
    m_TransformParent: {fileID: 3117325637414773899}
    m_Modifications:
    - target: {fileID: 50214250492361257, guid: d4df0f8773094cb4b8746b86835825a7,
        type: 3}
      propertyPath: m_Name
      value: SM_WaterDrum (3)
      objectReference: {fileID: 0}
    - target: {fileID: 3956759996096874554, guid: d4df0f8773094cb4b8746b86835825a7,
        type: 3}
      propertyPath: m_LocalPosition.x
      value: 0.08899999
      objectReference: {fileID: 0}
    - target: {fileID: 3956759996096874554, guid: d4df0f8773094cb4b8746b86835825a7,
        type: 3}
      propertyPath: m_LocalPosition.y
      value: 0.27778313
      objectReference: {fileID: 0}
    - target: {fileID: 3956759996096874554, guid: d4df0f8773094cb4b8746b86835825a7,
        type: 3}
      propertyPath: m_LocalPosition.z
      value: -0.956
      objectReference: {fileID: 0}
    - target: {fileID: 3956759996096874554, guid: d4df0f8773094cb4b8746b86835825a7,
        type: 3}
      propertyPath: m_LocalRotation.x
      value: -0
      objectReference: {fileID: 0}
    - target: {fileID: 3956759996096874554, guid: d4df0f8773094cb4b8746b86835825a7,
        type: 3}
      propertyPath: m_LocalRotation.y
      value: -0.07183043
      objectReference: {fileID: 0}
    - target: {fileID: 3956759996096874554, guid: d4df0f8773094cb4b8746b86835825a7,
        type: 3}
      propertyPath: m_LocalRotation.z
      value: -0
      objectReference: {fileID: 0}
    - target: {fileID: 3956759996096874554, guid: d4df0f8773094cb4b8746b86835825a7,
        type: 3}
      propertyPath: m_LocalRotation.w
      value: 0.99741685
      objectReference: {fileID: 0}
    - target: {fileID: 3956759996096874554, guid: d4df0f8773094cb4b8746b86835825a7,
        type: 3}
      propertyPath: m_RootOrder
      value: 5
      objectReference: {fileID: 0}
    - target: {fileID: 3956759996096874554, guid: d4df0f8773094cb4b8746b86835825a7,
        type: 3}
      propertyPath: m_LocalEulerAnglesHint.x
      value: 0
      objectReference: {fileID: 0}
    - target: {fileID: 3956759996096874554, guid: d4df0f8773094cb4b8746b86835825a7,
        type: 3}
      propertyPath: m_LocalEulerAnglesHint.y
      value: -8.238
      objectReference: {fileID: 0}
    - target: {fileID: 3956759996096874554, guid: d4df0f8773094cb4b8746b86835825a7,
        type: 3}
      propertyPath: m_LocalEulerAnglesHint.z
      value: 0
      objectReference: {fileID: 0}
    m_RemovedComponents: []
  m_SourcePrefab: {fileID: 100100000, guid: d4df0f8773094cb4b8746b86835825a7, type: 3}
--- !u!1001 &6193839461959736175
PrefabInstance:
  m_ObjectHideFlags: 0
  serializedVersion: 2
  m_Modification:
    m_TransformParent: {fileID: 3117325637414773899}
    m_Modifications:
    - target: {fileID: 50214250492361257, guid: d4df0f8773094cb4b8746b86835825a7,
        type: 3}
      propertyPath: m_Name
      value: SM_WaterDrum (5)
      objectReference: {fileID: 0}
    - target: {fileID: 3956759996096874554, guid: d4df0f8773094cb4b8746b86835825a7,
        type: 3}
      propertyPath: m_LocalPosition.x
      value: 0.07
      objectReference: {fileID: 0}
    - target: {fileID: 3956759996096874554, guid: d4df0f8773094cb4b8746b86835825a7,
        type: 3}
      propertyPath: m_LocalPosition.y
      value: 0.2777829
      objectReference: {fileID: 0}
    - target: {fileID: 3956759996096874554, guid: d4df0f8773094cb4b8746b86835825a7,
        type: 3}
      propertyPath: m_LocalPosition.z
      value: 0.96
      objectReference: {fileID: 0}
    - target: {fileID: 3956759996096874554, guid: d4df0f8773094cb4b8746b86835825a7,
        type: 3}
      propertyPath: m_LocalRotation.x
      value: -0
      objectReference: {fileID: 0}
    - target: {fileID: 3956759996096874554, guid: d4df0f8773094cb4b8746b86835825a7,
        type: 3}
      propertyPath: m_LocalRotation.y
      value: 0.18788381
      objectReference: {fileID: 0}
    - target: {fileID: 3956759996096874554, guid: d4df0f8773094cb4b8746b86835825a7,
        type: 3}
      propertyPath: m_LocalRotation.z
      value: -0
      objectReference: {fileID: 0}
    - target: {fileID: 3956759996096874554, guid: d4df0f8773094cb4b8746b86835825a7,
        type: 3}
      propertyPath: m_LocalRotation.w
      value: 0.98219126
      objectReference: {fileID: 0}
    - target: {fileID: 3956759996096874554, guid: d4df0f8773094cb4b8746b86835825a7,
        type: 3}
      propertyPath: m_RootOrder
      value: 7
      objectReference: {fileID: 0}
    - target: {fileID: 3956759996096874554, guid: d4df0f8773094cb4b8746b86835825a7,
        type: 3}
      propertyPath: m_LocalEulerAnglesHint.x
      value: 0
      objectReference: {fileID: 0}
    - target: {fileID: 3956759996096874554, guid: d4df0f8773094cb4b8746b86835825a7,
        type: 3}
      propertyPath: m_LocalEulerAnglesHint.y
      value: 21.659
      objectReference: {fileID: 0}
    - target: {fileID: 3956759996096874554, guid: d4df0f8773094cb4b8746b86835825a7,
        type: 3}
      propertyPath: m_LocalEulerAnglesHint.z
      value: 0
      objectReference: {fileID: 0}
    m_RemovedComponents: []
  m_SourcePrefab: {fileID: 100100000, guid: d4df0f8773094cb4b8746b86835825a7, type: 3}
--- !u!1001 &6714745991554324361
PrefabInstance:
  m_ObjectHideFlags: 0
  serializedVersion: 2
  m_Modification:
    m_TransformParent: {fileID: 3117325637414773899}
    m_Modifications:
    - target: {fileID: 50214250492361257, guid: d4df0f8773094cb4b8746b86835825a7,
        type: 3}
      propertyPath: m_Name
      value: SM_WaterDrum (7)
      objectReference: {fileID: 0}
    - target: {fileID: 3956759996096874554, guid: d4df0f8773094cb4b8746b86835825a7,
        type: 3}
      propertyPath: m_LocalPosition.x
      value: -0.907
      objectReference: {fileID: 0}
    - target: {fileID: 3956759996096874554, guid: d4df0f8773094cb4b8746b86835825a7,
        type: 3}
      propertyPath: m_LocalPosition.y
      value: 0.277783
      objectReference: {fileID: 0}
    - target: {fileID: 3956759996096874554, guid: d4df0f8773094cb4b8746b86835825a7,
        type: 3}
      propertyPath: m_LocalPosition.z
      value: -0.035
      objectReference: {fileID: 0}
    - target: {fileID: 3956759996096874554, guid: d4df0f8773094cb4b8746b86835825a7,
        type: 3}
      propertyPath: m_LocalRotation.x
      value: -0
      objectReference: {fileID: 0}
    - target: {fileID: 3956759996096874554, guid: d4df0f8773094cb4b8746b86835825a7,
        type: 3}
      propertyPath: m_LocalRotation.y
      value: 0.534224
      objectReference: {fileID: 0}
    - target: {fileID: 3956759996096874554, guid: d4df0f8773094cb4b8746b86835825a7,
        type: 3}
      propertyPath: m_LocalRotation.z
      value: -0
      objectReference: {fileID: 0}
    - target: {fileID: 3956759996096874554, guid: d4df0f8773094cb4b8746b86835825a7,
        type: 3}
      propertyPath: m_LocalRotation.w
      value: 0.845343
      objectReference: {fileID: 0}
    - target: {fileID: 3956759996096874554, guid: d4df0f8773094cb4b8746b86835825a7,
        type: 3}
      propertyPath: m_RootOrder
      value: 9
      objectReference: {fileID: 0}
    - target: {fileID: 3956759996096874554, guid: d4df0f8773094cb4b8746b86835825a7,
        type: 3}
      propertyPath: m_LocalEulerAnglesHint.x
      value: 0
      objectReference: {fileID: 0}
    - target: {fileID: 3956759996096874554, guid: d4df0f8773094cb4b8746b86835825a7,
        type: 3}
      propertyPath: m_LocalEulerAnglesHint.y
      value: 64.583
      objectReference: {fileID: 0}
    - target: {fileID: 3956759996096874554, guid: d4df0f8773094cb4b8746b86835825a7,
        type: 3}
      propertyPath: m_LocalEulerAnglesHint.z
      value: 0
      objectReference: {fileID: 0}
    m_RemovedComponents: []
  m_SourcePrefab: {fileID: 100100000, guid: d4df0f8773094cb4b8746b86835825a7, type: 3}
--- !u!1001 &6953076757866335944
PrefabInstance:
  m_ObjectHideFlags: 0
  serializedVersion: 2
  m_Modification:
    m_TransformParent: {fileID: 3117325637414773899}
    m_Modifications:
    - target: {fileID: 50214250492361257, guid: d4df0f8773094cb4b8746b86835825a7,
        type: 3}
      propertyPath: m_Name
      value: SM_WaterDrum (2)
      objectReference: {fileID: 0}
    - target: {fileID: 3956759996096874554, guid: d4df0f8773094cb4b8746b86835825a7,
        type: 3}
      propertyPath: m_LocalPosition.x
      value: 0.972
      objectReference: {fileID: 0}
    - target: {fileID: 3956759996096874554, guid: d4df0f8773094cb4b8746b86835825a7,
        type: 3}
      propertyPath: m_LocalPosition.y
      value: 0.2777829
      objectReference: {fileID: 0}
    - target: {fileID: 3956759996096874554, guid: d4df0f8773094cb4b8746b86835825a7,
        type: 3}
      propertyPath: m_LocalPosition.z
      value: 0.96
      objectReference: {fileID: 0}
    - target: {fileID: 3956759996096874554, guid: d4df0f8773094cb4b8746b86835825a7,
        type: 3}
      propertyPath: m_LocalRotation.x
      value: -0
      objectReference: {fileID: 0}
    - target: {fileID: 3956759996096874554, guid: d4df0f8773094cb4b8746b86835825a7,
        type: 3}
      propertyPath: m_LocalRotation.y
      value: -0.10493443
      objectReference: {fileID: 0}
    - target: {fileID: 3956759996096874554, guid: d4df0f8773094cb4b8746b86835825a7,
        type: 3}
      propertyPath: m_LocalRotation.z
      value: -0
      objectReference: {fileID: 0}
    - target: {fileID: 3956759996096874554, guid: d4df0f8773094cb4b8746b86835825a7,
        type: 3}
      propertyPath: m_LocalRotation.w
      value: 0.9944792
      objectReference: {fileID: 0}
    - target: {fileID: 3956759996096874554, guid: d4df0f8773094cb4b8746b86835825a7,
        type: 3}
      propertyPath: m_RootOrder
      value: 4
      objectReference: {fileID: 0}
    - target: {fileID: 3956759996096874554, guid: d4df0f8773094cb4b8746b86835825a7,
        type: 3}
      propertyPath: m_LocalEulerAnglesHint.x
      value: 0
      objectReference: {fileID: 0}
    - target: {fileID: 3956759996096874554, guid: d4df0f8773094cb4b8746b86835825a7,
        type: 3}
      propertyPath: m_LocalEulerAnglesHint.y
      value: -12.047001
      objectReference: {fileID: 0}
    - target: {fileID: 3956759996096874554, guid: d4df0f8773094cb4b8746b86835825a7,
        type: 3}
      propertyPath: m_LocalEulerAnglesHint.z
      value: 0
      objectReference: {fileID: 0}
    m_RemovedComponents: []
  m_SourcePrefab: {fileID: 100100000, guid: d4df0f8773094cb4b8746b86835825a7, type: 3}
