%YAML 1.1
%TAG !u! tag:unity3d.com,2011:
--- !u!1 &106917790130728574
GameObject:
  m_ObjectHideFlags: 0
  m_CorrespondingSourceObject: {fileID: 0}
  m_PrefabInstance: {fileID: 0}
  m_PrefabAsset: {fileID: 0}
  serializedVersion: 6
  m_Component:
  - component: {fileID: 5254585287335399123}
  m_Layer: 0
  m_Name: SM_Rack01
  m_TagString: Untagged
  m_Icon: {fileID: 0}
  m_NavMeshLayer: 0
  m_StaticEditorFlags: 4294967295
  m_IsActive: 1
--- !u!4 &5254585287335399123
Transform:
  m_ObjectHideFlags: 0
  m_CorrespondingSourceObject: {fileID: 0}
  m_PrefabInstance: {fileID: 0}
  m_PrefabAsset: {fileID: 0}
  m_GameObject: {fileID: 106917790130728574}
  m_LocalRotation: {x: -0.7071068, y: 0, z: -0, w: 0.7071068}
  m_LocalPosition: {x: -0, y: 0, z: 0}
  m_LocalScale: {x: 1, y: 1, z: 1}
  m_Children:
  - {fileID: 5397043942278460147}
  - {fileID: 3260866462005080533}
  - {fileID: 2234159617507783421}
  - {fileID: 6318557706122447145}
  m_Father: {fileID: 2983105770147963389}
  m_RootOrder: 0
  m_LocalEulerAnglesHint: {x: 0, y: 0, z: 0}
--- !u!1 &747714067676391174
GameObject:
  m_ObjectHideFlags: 0
  m_CorrespondingSourceObject: {fileID: 0}
  m_PrefabInstance: {fileID: 0}
  m_PrefabAsset: {fileID: 0}
  serializedVersion: 6
  m_Component:
  - component: {fileID: 2234159617507783421}
  - component: {fileID: 6520849545874449771}
  - component: {fileID: 5765461681500306978}
  m_Layer: 0
  m_Name: SM_Rack01_LOD2
  m_TagString: Untagged
  m_Icon: {fileID: 0}
  m_NavMeshLayer: 0
  m_StaticEditorFlags: 4294967295
  m_IsActive: 1
--- !u!4 &2234159617507783421
Transform:
  m_ObjectHideFlags: 0
  m_CorrespondingSourceObject: {fileID: 0}
  m_PrefabInstance: {fileID: 0}
  m_PrefabAsset: {fileID: 0}
  m_GameObject: {fileID: 747714067676391174}
  m_LocalRotation: {x: 0, y: -0, z: -0, w: 1}
  m_LocalPosition: {x: -0, y: 0, z: 0}
  m_LocalScale: {x: 1, y: 1, z: 1}
  m_Children: []
  m_Father: {fileID: 5254585287335399123}
  m_RootOrder: 2
  m_LocalEulerAnglesHint: {x: 0, y: 0, z: 0}
--- !u!33 &6520849545874449771
MeshFilter:
  m_ObjectHideFlags: 0
  m_CorrespondingSourceObject: {fileID: 0}
  m_PrefabInstance: {fileID: 0}
  m_PrefabAsset: {fileID: 0}
  m_GameObject: {fileID: 747714067676391174}
  m_Mesh: {fileID: -7617478508734888622, guid: 12792a9f09e8d884999935081c3c1d22, type: 3}
--- !u!23 &5765461681500306978
MeshRenderer:
  m_ObjectHideFlags: 0
  m_CorrespondingSourceObject: {fileID: 0}
  m_PrefabInstance: {fileID: 0}
  m_PrefabAsset: {fileID: 0}
  m_GameObject: {fileID: 747714067676391174}
  m_Enabled: 1
  m_CastShadows: 1
  m_ReceiveShadows: 1
  m_DynamicOccludee: 1
  m_MotionVectors: 1
  m_LightProbeUsage: 1
  m_ReflectionProbeUsage: 1
  m_RayTracingMode: 2
  m_RenderingLayerMask: 1
  m_RendererPriority: 0
  m_Materials:
  - {fileID: 2100000, guid: 63373b84a94347e4ebda137d59d77822, type: 2}
  m_StaticBatchInfo:
    firstSubMesh: 0
    subMeshCount: 0
  m_StaticBatchRoot: {fileID: 0}
  m_ProbeAnchor: {fileID: 0}
  m_LightProbeVolumeOverride: {fileID: 0}
  m_ScaleInLightmap: 1
  m_ReceiveGI: 1
  m_PreserveUVs: 0
  m_IgnoreNormalsForChartDetection: 0
  m_ImportantGI: 0
  m_StitchLightmapSeams: 1
  m_SelectedEditorRenderState: 3
  m_MinimumChartSize: 4
  m_AutoUVMaxDistance: 0.5
  m_AutoUVMaxAngle: 89
  m_LightmapParameters: {fileID: 0}
  m_SortingLayerID: 0
  m_SortingLayer: 0
  m_SortingOrder: 0
--- !u!1 &1331398203814107809
GameObject:
  m_ObjectHideFlags: 0
  m_CorrespondingSourceObject: {fileID: 0}
  m_PrefabInstance: {fileID: 0}
  m_PrefabAsset: {fileID: 0}
  serializedVersion: 6
  m_Component:
  - component: {fileID: 8422116903078777675}
  - component: {fileID: 5121288699441657697}
  - component: {fileID: 8929672851804390961}
  m_Layer: 0
  m_Name: UCX_SM_Rack01_LOD0
  m_TagString: Untagged
  m_Icon: {fileID: 0}
  m_NavMeshLayer: 0
  m_StaticEditorFlags: 4294967295
  m_IsActive: 1
--- !u!4 &8422116903078777675
Transform:
  m_ObjectHideFlags: 0
  m_CorrespondingSourceObject: {fileID: 0}
  m_PrefabInstance: {fileID: 0}
  m_PrefabAsset: {fileID: 0}
  m_GameObject: {fileID: 1331398203814107809}
  m_LocalRotation: {x: -0.7071068, y: 0, z: -0, w: 0.7071068}
  m_LocalPosition: {x: -0, y: 0, z: 0}
  m_LocalScale: {x: 1, y: 1, z: 1}
  m_Children: []
  m_Father: {fileID: 2983105770147963389}
  m_RootOrder: 1
  m_LocalEulerAnglesHint: {x: 0, y: 0, z: 0}
--- !u!33 &5121288699441657697
MeshFilter:
  m_ObjectHideFlags: 0
  m_CorrespondingSourceObject: {fileID: 0}
  m_PrefabInstance: {fileID: 0}
  m_PrefabAsset: {fileID: 0}
  m_GameObject: {fileID: 1331398203814107809}
  m_Mesh: {fileID: -5063929497510885968, guid: 12792a9f09e8d884999935081c3c1d22, type: 3}
--- !u!64 &8929672851804390961
MeshCollider:
  m_ObjectHideFlags: 0
  m_CorrespondingSourceObject: {fileID: 0}
  m_PrefabInstance: {fileID: 0}
  m_PrefabAsset: {fileID: 0}
  m_GameObject: {fileID: 1331398203814107809}
  m_Material: {fileID: 0}
  m_IsTrigger: 0
  m_Enabled: 1
  serializedVersion: 3
  m_Convex: 0
  m_CookingOptions: 30
  m_Mesh: {fileID: -5063929497510885968, guid: 12792a9f09e8d884999935081c3c1d22, type: 3}
--- !u!64 &3826019062149186379
MeshCollider:
  m_ObjectHideFlags: 0
  m_CorrespondingSourceObject: {fileID: 0}
  m_PrefabInstance: {fileID: 0}
  m_PrefabAsset: {fileID: 0}
  m_GameObject: {fileID: 1610597817507369405}
  m_Material: {fileID: 0}
  m_IsTrigger: 0
  m_Enabled: 1
  serializedVersion: 3
  m_Convex: 0
  m_CookingOptions: 30
  m_Mesh: {fileID: -2516462499538982290, guid: 971dc7132ecb05041b3b212aff41287d, type: 3}
--- !u!1 &2251033713431319534
GameObject:
  m_ObjectHideFlags: 0
  m_CorrespondingSourceObject: {fileID: 0}
  m_PrefabInstance: {fileID: 0}
  m_PrefabAsset: {fileID: 0}
  serializedVersion: 6
  m_Component:
  - component: {fileID: 2983105770147963389}
  - component: {fileID: 2383952808653911865}
  - component: {fileID: 9143373863780419364}
  m_Layer: 0
  m_Name: SM_Rack01
  m_TagString: Untagged
  m_Icon: {fileID: 0}
  m_NavMeshLayer: 0
  m_StaticEditorFlags: 4294967295
  m_IsActive: 1
--- !u!4 &2983105770147963389
Transform:
  m_ObjectHideFlags: 0
  m_CorrespondingSourceObject: {fileID: 0}
  m_PrefabInstance: {fileID: 0}
  m_PrefabAsset: {fileID: 0}
  m_GameObject: {fileID: 2251033713431319534}
  m_LocalRotation: {x: 0, y: 0, z: 0, w: 1}
  m_LocalPosition: {x: -13.356176, y: 0.27538532, z: -18.642399}
  m_LocalScale: {x: 1, y: 1, z: 1}
  m_Children:
  - {fileID: 5254585287335399123}
  - {fileID: 8422116903078777675}
  - {fileID: 8061800745986389529}
  - {fileID: 8228897027917029200}
  - {fileID: 3254524015694636375}
  m_Father: {fileID: 0}
  m_RootOrder: 0
  m_LocalEulerAnglesHint: {x: 0, y: 0, z: 0}
--- !u!205 &2383952808653911865
LODGroup:
  m_ObjectHideFlags: 0
  m_CorrespondingSourceObject: {fileID: 0}
  m_PrefabInstance: {fileID: 0}
  m_PrefabAsset: {fileID: 0}
  m_GameObject: {fileID: 2251033713431319534}
  serializedVersion: 2
  m_LocalReferencePoint: {x: 0, y: 3.8264947, z: -0.00000071525574}
  m_Size: 7.721323
  m_FadeMode: 0
  m_AnimateCrossFading: 0
  m_LastLODIsBillboard: 0
  m_LODs:
  - screenRelativeHeight: 0.12256289
    fadeTransitionWidth: 0
    renderers:
    - renderer: {fileID: 3443168373139549767}
  - screenRelativeHeight: 0.07119263
    fadeTransitionWidth: 0
    renderers:
    - renderer: {fileID: 723464769651139907}
  - screenRelativeHeight: 0.032796554
    fadeTransitionWidth: 0
    renderers:
    - renderer: {fileID: 5765461681500306978}
  - screenRelativeHeight: 0.01
    fadeTransitionWidth: 0
    renderers:
    - renderer: {fileID: 8260608683279999720}
  m_Enabled: 1
--- !u!220 &9143373863780419364
LightProbeGroup:
  m_ObjectHideFlags: 0
  m_CorrespondingSourceObject: {fileID: 0}
  m_PrefabInstance: {fileID: 0}
  m_PrefabAsset: {fileID: 0}
  m_GameObject: {fileID: 2251033713431319534}
  m_Enabled: 1
  m_SourcePositions:
  - {x: 1, y: 3.9896798, z: -0.54424286}
  - {x: 1, y: 3.9896798, z: -3.8940067}
  - {x: 1, y: -0.014457703, z: -0.54424286}
  - {x: 1, y: -0.014457703, z: -3.8940067}
  - {x: -1, y: 3.9896798, z: -0.54424286}
  - {x: -1, y: 3.9896798, z: -3.8940067}
  - {x: -1, y: -0.014457703, z: -0.54424286}
  - {x: -1, y: -0.014457703, z: -3.8940067}
  - {x: 1, y: 8.157866, z: -0.54424286}
  - {x: 1, y: 8.157866, z: -3.8940067}
  - {x: -1, y: 8.157866, z: -0.54424286}
  - {x: -1, y: 8.157866, z: -3.8940067}
  - {x: 1, y: 3.9896798, z: 3.8535442}
  - {x: 1, y: -0.014457703, z: 3.8535442}
  - {x: -1, y: 3.9896798, z: 3.8535442}
  - {x: -1, y: -0.014457703, z: 3.8535442}
  - {x: 1, y: 8.157866, z: 3.8535442}
  - {x: -1, y: 8.157866, z: 3.8535442}
  m_Dering: 1
--- !u!64 &2409272818331018252
MeshCollider:
  m_ObjectHideFlags: 0
  m_CorrespondingSourceObject: {fileID: 0}
  m_PrefabInstance: {fileID: 0}
  m_PrefabAsset: {fileID: 0}
  m_GameObject: {fileID: 5278623694048734138}
  m_Material: {fileID: 0}
  m_IsTrigger: 0
  m_Enabled: 1
  serializedVersion: 3
  m_Convex: 0
  m_CookingOptions: 30
  m_Mesh: {fileID: -2516462499538982290, guid: 971dc7132ecb05041b3b212aff41287d, type: 3}
--- !u!64 &5295596474341135446
MeshCollider:
  m_ObjectHideFlags: 0
  m_CorrespondingSourceObject: {fileID: 0}
  m_PrefabInstance: {fileID: 0}
  m_PrefabAsset: {fileID: 0}
  m_GameObject: {fileID: 6094178881047118579}
  m_Material: {fileID: 0}
  m_IsTrigger: 0
  m_Enabled: 1
  serializedVersion: 3
  m_Convex: 0
  m_CookingOptions: 30
  m_Mesh: {fileID: -2516462499538982290, guid: 971dc7132ecb05041b3b212aff41287d, type: 3}
--- !u!1 &7970751937263803718
GameObject:
  m_ObjectHideFlags: 0
  m_CorrespondingSourceObject: {fileID: 0}
  m_PrefabInstance: {fileID: 0}
  m_PrefabAsset: {fileID: 0}
  serializedVersion: 6
  m_Component:
  - component: {fileID: 6318557706122447145}
  - component: {fileID: 8669918987803411355}
  - component: {fileID: 8260608683279999720}
  m_Layer: 0
  m_Name: SM_Rack01_LOD3
  m_TagString: Untagged
  m_Icon: {fileID: 0}
  m_NavMeshLayer: 0
  m_StaticEditorFlags: 4294967295
  m_IsActive: 1
--- !u!4 &6318557706122447145
Transform:
  m_ObjectHideFlags: 0
  m_CorrespondingSourceObject: {fileID: 0}
  m_PrefabInstance: {fileID: 0}
  m_PrefabAsset: {fileID: 0}
  m_GameObject: {fileID: 7970751937263803718}
  m_LocalRotation: {x: 0, y: -0, z: -0, w: 1}
  m_LocalPosition: {x: -0, y: 0, z: 0}
  m_LocalScale: {x: 1, y: 1, z: 1}
  m_Children: []
  m_Father: {fileID: 5254585287335399123}
  m_RootOrder: 3
  m_LocalEulerAnglesHint: {x: 0, y: 0, z: 0}
--- !u!33 &8669918987803411355
MeshFilter:
  m_ObjectHideFlags: 0
  m_CorrespondingSourceObject: {fileID: 0}
  m_PrefabInstance: {fileID: 0}
  m_PrefabAsset: {fileID: 0}
  m_GameObject: {fileID: 7970751937263803718}
  m_Mesh: {fileID: -4798964684382470798, guid: 12792a9f09e8d884999935081c3c1d22, type: 3}
--- !u!23 &8260608683279999720
MeshRenderer:
  m_ObjectHideFlags: 0
  m_CorrespondingSourceObject: {fileID: 0}
  m_PrefabInstance: {fileID: 0}
  m_PrefabAsset: {fileID: 0}
  m_GameObject: {fileID: 7970751937263803718}
  m_Enabled: 1
  m_CastShadows: 1
  m_ReceiveShadows: 1
  m_DynamicOccludee: 1
  m_MotionVectors: 1
  m_LightProbeUsage: 1
  m_ReflectionProbeUsage: 1
  m_RayTracingMode: 2
  m_RenderingLayerMask: 1
  m_RendererPriority: 0
  m_Materials:
  - {fileID: 2100000, guid: 63373b84a94347e4ebda137d59d77822, type: 2}
  m_StaticBatchInfo:
    firstSubMesh: 0
    subMeshCount: 0
  m_StaticBatchRoot: {fileID: 0}
  m_ProbeAnchor: {fileID: 0}
  m_LightProbeVolumeOverride: {fileID: 0}
  m_ScaleInLightmap: 1
  m_ReceiveGI: 1
  m_PreserveUVs: 0
  m_IgnoreNormalsForChartDetection: 0
  m_ImportantGI: 0
  m_StitchLightmapSeams: 1
  m_SelectedEditorRenderState: 3
  m_MinimumChartSize: 4
  m_AutoUVMaxDistance: 0.5
  m_AutoUVMaxAngle: 89
  m_LightmapParameters: {fileID: 0}
  m_SortingLayerID: 0
  m_SortingLayer: 0
  m_SortingOrder: 0
--- !u!1 &8820865911515320831
GameObject:
  m_ObjectHideFlags: 0
  m_CorrespondingSourceObject: {fileID: 0}
  m_PrefabInstance: {fileID: 0}
  m_PrefabAsset: {fileID: 0}
  serializedVersion: 6
  m_Component:
  - component: {fileID: 3260866462005080533}
  - component: {fileID: 5560891584408576307}
  - component: {fileID: 723464769651139907}
  m_Layer: 0
  m_Name: SM_Rack01_LOD1
  m_TagString: Untagged
  m_Icon: {fileID: 0}
  m_NavMeshLayer: 0
  m_StaticEditorFlags: 4294967295
  m_IsActive: 1
--- !u!4 &3260866462005080533
Transform:
  m_ObjectHideFlags: 0
  m_CorrespondingSourceObject: {fileID: 0}
  m_PrefabInstance: {fileID: 0}
  m_PrefabAsset: {fileID: 0}
  m_GameObject: {fileID: 8820865911515320831}
  m_LocalRotation: {x: 0, y: -0, z: -0, w: 1}
  m_LocalPosition: {x: -0, y: 0, z: 0}
  m_LocalScale: {x: 1, y: 1, z: 1}
  m_Children: []
  m_Father: {fileID: 5254585287335399123}
  m_RootOrder: 1
  m_LocalEulerAnglesHint: {x: 0, y: 0, z: 0}
--- !u!33 &5560891584408576307
MeshFilter:
  m_ObjectHideFlags: 0
  m_CorrespondingSourceObject: {fileID: 0}
  m_PrefabInstance: {fileID: 0}
  m_PrefabAsset: {fileID: 0}
  m_GameObject: {fileID: 8820865911515320831}
  m_Mesh: {fileID: 5446681701364697171, guid: 12792a9f09e8d884999935081c3c1d22, type: 3}
--- !u!23 &723464769651139907
MeshRenderer:
  m_ObjectHideFlags: 0
  m_CorrespondingSourceObject: {fileID: 0}
  m_PrefabInstance: {fileID: 0}
  m_PrefabAsset: {fileID: 0}
  m_GameObject: {fileID: 8820865911515320831}
  m_Enabled: 1
  m_CastShadows: 1
  m_ReceiveShadows: 1
  m_DynamicOccludee: 1
  m_MotionVectors: 1
  m_LightProbeUsage: 1
  m_ReflectionProbeUsage: 1
  m_RayTracingMode: 2
  m_RenderingLayerMask: 1
  m_RendererPriority: 0
  m_Materials:
  - {fileID: 2100000, guid: 63373b84a94347e4ebda137d59d77822, type: 2}
  m_StaticBatchInfo:
    firstSubMesh: 0
    subMeshCount: 0
  m_StaticBatchRoot: {fileID: 0}
  m_ProbeAnchor: {fileID: 0}
  m_LightProbeVolumeOverride: {fileID: 0}
  m_ScaleInLightmap: 1
  m_ReceiveGI: 1
  m_PreserveUVs: 0
  m_IgnoreNormalsForChartDetection: 0
  m_ImportantGI: 0
  m_StitchLightmapSeams: 1
  m_SelectedEditorRenderState: 3
  m_MinimumChartSize: 4
  m_AutoUVMaxDistance: 0.5
  m_AutoUVMaxAngle: 89
  m_LightmapParameters: {fileID: 0}
  m_SortingLayerID: 0
  m_SortingLayer: 0
  m_SortingOrder: 0
--- !u!1 &8948624627036613146
GameObject:
  m_ObjectHideFlags: 0
  m_CorrespondingSourceObject: {fileID: 0}
  m_PrefabInstance: {fileID: 0}
  m_PrefabAsset: {fileID: 0}
  serializedVersion: 6
  m_Component:
  - component: {fileID: 5397043942278460147}
  - component: {fileID: 3605836592235662740}
  - component: {fileID: 3443168373139549767}
  m_Layer: 0
  m_Name: SM_Rack01_LOD0
  m_TagString: Untagged
  m_Icon: {fileID: 0}
  m_NavMeshLayer: 0
  m_StaticEditorFlags: 4294967295
  m_IsActive: 1
--- !u!4 &5397043942278460147
Transform:
  m_ObjectHideFlags: 0
  m_CorrespondingSourceObject: {fileID: 0}
  m_PrefabInstance: {fileID: 0}
  m_PrefabAsset: {fileID: 0}
  m_GameObject: {fileID: 8948624627036613146}
  m_LocalRotation: {x: 0, y: -0, z: -0, w: 1}
  m_LocalPosition: {x: -0, y: 0, z: 0}
  m_LocalScale: {x: 1, y: 1, z: 1}
  m_Children: []
  m_Father: {fileID: 5254585287335399123}
  m_RootOrder: 0
  m_LocalEulerAnglesHint: {x: 0, y: 0, z: 0}
--- !u!33 &3605836592235662740
MeshFilter:
  m_ObjectHideFlags: 0
  m_CorrespondingSourceObject: {fileID: 0}
  m_PrefabInstance: {fileID: 0}
  m_PrefabAsset: {fileID: 0}
  m_GameObject: {fileID: 8948624627036613146}
  m_Mesh: {fileID: 7409702807487420776, guid: 12792a9f09e8d884999935081c3c1d22, type: 3}
--- !u!23 &3443168373139549767
MeshRenderer:
  m_ObjectHideFlags: 0
  m_CorrespondingSourceObject: {fileID: 0}
  m_PrefabInstance: {fileID: 0}
  m_PrefabAsset: {fileID: 0}
  m_GameObject: {fileID: 8948624627036613146}
  m_Enabled: 1
  m_CastShadows: 1
  m_ReceiveShadows: 1
  m_DynamicOccludee: 1
  m_MotionVectors: 1
  m_LightProbeUsage: 1
  m_ReflectionProbeUsage: 1
  m_RayTracingMode: 2
  m_RenderingLayerMask: 1
  m_RendererPriority: 0
  m_Materials:
  - {fileID: 2100000, guid: 63373b84a94347e4ebda137d59d77822, type: 2}
  m_StaticBatchInfo:
    firstSubMesh: 0
    subMeshCount: 0
  m_StaticBatchRoot: {fileID: 0}
  m_ProbeAnchor: {fileID: 0}
  m_LightProbeVolumeOverride: {fileID: 0}
  m_ScaleInLightmap: 1
  m_ReceiveGI: 1
  m_PreserveUVs: 0
  m_IgnoreNormalsForChartDetection: 0
  m_ImportantGI: 0
  m_StitchLightmapSeams: 1
  m_SelectedEditorRenderState: 3
  m_MinimumChartSize: 4
  m_AutoUVMaxDistance: 0.5
  m_AutoUVMaxAngle: 89
  m_LightmapParameters: {fileID: 0}
  m_SortingLayerID: 0
  m_SortingLayer: 0
  m_SortingOrder: 0
--- !u!1001 &3070313507638926595
PrefabInstance:
  m_ObjectHideFlags: 0
  serializedVersion: 2
  m_Modification:
    m_TransformParent: {fileID: 2983105770147963389}
    m_Modifications:
    - target: {fileID: -5689745980993742362, guid: 971dc7132ecb05041b3b212aff41287d,
        type: 3}
      propertyPath: m_Materials.Array.data[0]
      value: 
      objectReference: {fileID: 2100000, guid: 9c9f1c0f459e0644caa530e8351019fc, type: 2}
    - target: {fileID: -5472418950278215357, guid: 971dc7132ecb05041b3b212aff41287d,
        type: 3}
      propertyPath: m_StaticEditorFlags
      value: 4294967295
      objectReference: {fileID: 0}
    - target: {fileID: -4216859302048453862, guid: 971dc7132ecb05041b3b212aff41287d,
        type: 3}
      propertyPath: m_LocalPosition.x
      value: 0.001
      objectReference: {fileID: 0}
    - target: {fileID: -4216859302048453862, guid: 971dc7132ecb05041b3b212aff41287d,
        type: 3}
      propertyPath: m_LocalPosition.y
      value: 2.288
      objectReference: {fileID: 0}
    - target: {fileID: -4216859302048453862, guid: 971dc7132ecb05041b3b212aff41287d,
        type: 3}
      propertyPath: m_LocalPosition.z
      value: 0.005
      objectReference: {fileID: 0}
    - target: {fileID: -4216859302048453862, guid: 971dc7132ecb05041b3b212aff41287d,
        type: 3}
      propertyPath: m_LocalRotation.x
      value: -0
      objectReference: {fileID: 0}
    - target: {fileID: -4216859302048453862, guid: 971dc7132ecb05041b3b212aff41287d,
        type: 3}
      propertyPath: m_LocalRotation.y
      value: -0
      objectReference: {fileID: 0}
    - target: {fileID: -4216859302048453862, guid: 971dc7132ecb05041b3b212aff41287d,
        type: 3}
      propertyPath: m_LocalRotation.z
      value: -0
      objectReference: {fileID: 0}
    - target: {fileID: -4216859302048453862, guid: 971dc7132ecb05041b3b212aff41287d,
        type: 3}
      propertyPath: m_LocalRotation.w
      value: 1
      objectReference: {fileID: 0}
    - target: {fileID: -4216859302048453862, guid: 971dc7132ecb05041b3b212aff41287d,
        type: 3}
      propertyPath: m_RootOrder
      value: 2
      objectReference: {fileID: 0}
    - target: {fileID: -4216859302048453862, guid: 971dc7132ecb05041b3b212aff41287d,
        type: 3}
      propertyPath: m_LocalEulerAnglesHint.x
      value: 0
      objectReference: {fileID: 0}
    - target: {fileID: -4216859302048453862, guid: 971dc7132ecb05041b3b212aff41287d,
        type: 3}
      propertyPath: m_LocalEulerAnglesHint.y
      value: 0
      objectReference: {fileID: 0}
    - target: {fileID: -4216859302048453862, guid: 971dc7132ecb05041b3b212aff41287d,
        type: 3}
      propertyPath: m_LocalEulerAnglesHint.z
      value: 0
      objectReference: {fileID: 0}
    - target: {fileID: -3897138265448108598, guid: 971dc7132ecb05041b3b212aff41287d,
        type: 3}
      propertyPath: m_Materials.Array.data[0]
      value: 
      objectReference: {fileID: 2100000, guid: 9c9f1c0f459e0644caa530e8351019fc, type: 2}
    - target: {fileID: -3760742013781707749, guid: 971dc7132ecb05041b3b212aff41287d,
        type: 3}
      propertyPath: m_StaticEditorFlags
      value: 4294967295
      objectReference: {fileID: 0}
    - target: {fileID: -3111194645518787709, guid: 971dc7132ecb05041b3b212aff41287d,
        type: 3}
      propertyPath: m_Materials.Array.data[0]
      value: 
      objectReference: {fileID: 2100000, guid: 9c9f1c0f459e0644caa530e8351019fc, type: 2}
    - target: {fileID: -2705727274868223669, guid: 971dc7132ecb05041b3b212aff41287d,
        type: 3}
      propertyPath: m_StaticEditorFlags
      value: 4294967295
      objectReference: {fileID: 0}
    - target: {fileID: -927199367670048503, guid: 971dc7132ecb05041b3b212aff41287d,
        type: 3}
      propertyPath: m_Name
      value: SM_Rack02
      objectReference: {fileID: 0}
    - target: {fileID: -927199367670048503, guid: 971dc7132ecb05041b3b212aff41287d,
        type: 3}
      propertyPath: m_StaticEditorFlags
      value: 4294967295
      objectReference: {fileID: 0}
    - target: {fileID: -694877597861304290, guid: 971dc7132ecb05041b3b212aff41287d,
        type: 3}
      propertyPath: m_LocalPosition.x
      value: 0
      objectReference: {fileID: 0}
    - target: {fileID: -694877597861304290, guid: 971dc7132ecb05041b3b212aff41287d,
        type: 3}
      propertyPath: m_LocalPosition.y
      value: 0
      objectReference: {fileID: 0}
    - target: {fileID: -694877597861304290, guid: 971dc7132ecb05041b3b212aff41287d,
        type: 3}
      propertyPath: m_LocalPosition.z
      value: 0
      objectReference: {fileID: 0}
    - target: {fileID: -364703838212727233, guid: 971dc7132ecb05041b3b212aff41287d,
        type: 3}
      propertyPath: m_Materials.Array.data[0]
      value: 
      objectReference: {fileID: 2100000, guid: 9c9f1c0f459e0644caa530e8351019fc, type: 2}
    - target: {fileID: 919206931070257539, guid: 971dc7132ecb05041b3b212aff41287d,
        type: 3}
      propertyPath: m_StaticEditorFlags
      value: 4294967295
      objectReference: {fileID: 0}
    - target: {fileID: 2609709739141034562, guid: 971dc7132ecb05041b3b212aff41287d,
        type: 3}
      propertyPath: m_StaticEditorFlags
      value: 4294967295
      objectReference: {fileID: 0}
    - target: {fileID: 5551014577142218206, guid: 971dc7132ecb05041b3b212aff41287d,
        type: 3}
      propertyPath: m_LODs.Array.data[0].renderers.Array.size
      value: 1
      objectReference: {fileID: 0}
    - target: {fileID: 5551014577142218206, guid: 971dc7132ecb05041b3b212aff41287d,
        type: 3}
      propertyPath: m_LocalReferencePoint.z
      value: 0.010268092
      objectReference: {fileID: 0}
    - target: {fileID: 5551014577142218206, guid: 971dc7132ecb05041b3b212aff41287d,
        type: 3}
      propertyPath: m_Size
      value: 6.090558
      objectReference: {fileID: 0}
    - target: {fileID: 9081841497173041136, guid: 971dc7132ecb05041b3b212aff41287d,
        type: 3}
      propertyPath: m_StaticEditorFlags
      value: 4294967295
      objectReference: {fileID: 0}
    m_RemovedComponents:
    - {fileID: -3412743539905456905, guid: 971dc7132ecb05041b3b212aff41287d, type: 3}
  m_SourcePrefab: {fileID: 100100000, guid: 971dc7132ecb05041b3b212aff41287d, type: 3}
--- !u!4 &8061800745986389529 stripped
Transform:
  m_CorrespondingSourceObject: {fileID: -4216859302048453862, guid: 971dc7132ecb05041b3b212aff41287d,
    type: 3}
  m_PrefabInstance: {fileID: 3070313507638926595}
  m_PrefabAsset: {fileID: 0}
--- !u!1 &6094178881047118579 stripped
GameObject:
  m_CorrespondingSourceObject: {fileID: 9081841497173041136, guid: 971dc7132ecb05041b3b212aff41287d,
    type: 3}
  m_PrefabInstance: {fileID: 3070313507638926595}
  m_PrefabAsset: {fileID: 0}
--- !u!1001 &3983538259922433098
PrefabInstance:
  m_ObjectHideFlags: 0
  serializedVersion: 2
  m_Modification:
    m_TransformParent: {fileID: 2983105770147963389}
    m_Modifications:
    - target: {fileID: -5689745980993742362, guid: 971dc7132ecb05041b3b212aff41287d,
        type: 3}
      propertyPath: m_Materials.Array.data[0]
      value: 
      objectReference: {fileID: 2100000, guid: 9c9f1c0f459e0644caa530e8351019fc, type: 2}
    - target: {fileID: -5472418950278215357, guid: 971dc7132ecb05041b3b212aff41287d,
        type: 3}
      propertyPath: m_StaticEditorFlags
      value: 4294967295
      objectReference: {fileID: 0}
    - target: {fileID: -4216859302048453862, guid: 971dc7132ecb05041b3b212aff41287d,
        type: 3}
      propertyPath: m_LocalPosition.x
      value: 0.001
      objectReference: {fileID: 0}
    - target: {fileID: -4216859302048453862, guid: 971dc7132ecb05041b3b212aff41287d,
        type: 3}
      propertyPath: m_LocalPosition.y
      value: 4.5
      objectReference: {fileID: 0}
    - target: {fileID: -4216859302048453862, guid: 971dc7132ecb05041b3b212aff41287d,
        type: 3}
      propertyPath: m_LocalPosition.z
      value: 0.005
      objectReference: {fileID: 0}
    - target: {fileID: -4216859302048453862, guid: 971dc7132ecb05041b3b212aff41287d,
        type: 3}
      propertyPath: m_LocalRotation.x
      value: -0
      objectReference: {fileID: 0}
    - target: {fileID: -4216859302048453862, guid: 971dc7132ecb05041b3b212aff41287d,
        type: 3}
      propertyPath: m_LocalRotation.y
      value: -0
      objectReference: {fileID: 0}
    - target: {fileID: -4216859302048453862, guid: 971dc7132ecb05041b3b212aff41287d,
        type: 3}
      propertyPath: m_LocalRotation.z
      value: -0
      objectReference: {fileID: 0}
    - target: {fileID: -4216859302048453862, guid: 971dc7132ecb05041b3b212aff41287d,
        type: 3}
      propertyPath: m_LocalRotation.w
      value: 1
      objectReference: {fileID: 0}
    - target: {fileID: -4216859302048453862, guid: 971dc7132ecb05041b3b212aff41287d,
        type: 3}
      propertyPath: m_RootOrder
      value: 3
      objectReference: {fileID: 0}
    - target: {fileID: -4216859302048453862, guid: 971dc7132ecb05041b3b212aff41287d,
        type: 3}
      propertyPath: m_LocalEulerAnglesHint.x
      value: 0
      objectReference: {fileID: 0}
    - target: {fileID: -4216859302048453862, guid: 971dc7132ecb05041b3b212aff41287d,
        type: 3}
      propertyPath: m_LocalEulerAnglesHint.y
      value: 0
      objectReference: {fileID: 0}
    - target: {fileID: -4216859302048453862, guid: 971dc7132ecb05041b3b212aff41287d,
        type: 3}
      propertyPath: m_LocalEulerAnglesHint.z
      value: 0
      objectReference: {fileID: 0}
    - target: {fileID: -3897138265448108598, guid: 971dc7132ecb05041b3b212aff41287d,
        type: 3}
      propertyPath: m_Materials.Array.data[0]
      value: 
      objectReference: {fileID: 2100000, guid: 9c9f1c0f459e0644caa530e8351019fc, type: 2}
    - target: {fileID: -3760742013781707749, guid: 971dc7132ecb05041b3b212aff41287d,
        type: 3}
      propertyPath: m_StaticEditorFlags
      value: 4294967295
      objectReference: {fileID: 0}
    - target: {fileID: -3111194645518787709, guid: 971dc7132ecb05041b3b212aff41287d,
        type: 3}
      propertyPath: m_Materials.Array.data[0]
      value: 
      objectReference: {fileID: 2100000, guid: 9c9f1c0f459e0644caa530e8351019fc, type: 2}
    - target: {fileID: -2705727274868223669, guid: 971dc7132ecb05041b3b212aff41287d,
        type: 3}
      propertyPath: m_StaticEditorFlags
      value: 4294967295
      objectReference: {fileID: 0}
    - target: {fileID: -927199367670048503, guid: 971dc7132ecb05041b3b212aff41287d,
        type: 3}
      propertyPath: m_Name
      value: SM_Rack02 (1)
      objectReference: {fileID: 0}
    - target: {fileID: -927199367670048503, guid: 971dc7132ecb05041b3b212aff41287d,
        type: 3}
      propertyPath: m_StaticEditorFlags
      value: 4294967295
      objectReference: {fileID: 0}
    - target: {fileID: -694877597861304290, guid: 971dc7132ecb05041b3b212aff41287d,
        type: 3}
      propertyPath: m_LocalPosition.x
      value: 0
      objectReference: {fileID: 0}
    - target: {fileID: -694877597861304290, guid: 971dc7132ecb05041b3b212aff41287d,
        type: 3}
      propertyPath: m_LocalPosition.y
      value: 0
      objectReference: {fileID: 0}
    - target: {fileID: -694877597861304290, guid: 971dc7132ecb05041b3b212aff41287d,
        type: 3}
      propertyPath: m_LocalPosition.z
      value: 0
      objectReference: {fileID: 0}
    - target: {fileID: -364703838212727233, guid: 971dc7132ecb05041b3b212aff41287d,
        type: 3}
      propertyPath: m_Materials.Array.data[0]
      value: 
      objectReference: {fileID: 2100000, guid: 9c9f1c0f459e0644caa530e8351019fc, type: 2}
    - target: {fileID: 919206931070257539, guid: 971dc7132ecb05041b3b212aff41287d,
        type: 3}
      propertyPath: m_StaticEditorFlags
      value: 4294967295
      objectReference: {fileID: 0}
    - target: {fileID: 2609709739141034562, guid: 971dc7132ecb05041b3b212aff41287d,
        type: 3}
      propertyPath: m_StaticEditorFlags
      value: 4294967295
      objectReference: {fileID: 0}
    - target: {fileID: 5551014577142218206, guid: 971dc7132ecb05041b3b212aff41287d,
        type: 3}
      propertyPath: m_LODs.Array.data[0].renderers.Array.size
      value: 1
      objectReference: {fileID: 0}
    - target: {fileID: 5551014577142218206, guid: 971dc7132ecb05041b3b212aff41287d,
        type: 3}
      propertyPath: m_LocalReferencePoint.z
      value: 0.010268092
      objectReference: {fileID: 0}
    - target: {fileID: 5551014577142218206, guid: 971dc7132ecb05041b3b212aff41287d,
        type: 3}
      propertyPath: m_Size
      value: 6.090558
      objectReference: {fileID: 0}
    - target: {fileID: 9081841497173041136, guid: 971dc7132ecb05041b3b212aff41287d,
        type: 3}
      propertyPath: m_StaticEditorFlags
      value: 4294967295
      objectReference: {fileID: 0}
    m_RemovedComponents:
    - {fileID: -3412743539905456905, guid: 971dc7132ecb05041b3b212aff41287d, type: 3}
  m_SourcePrefab: {fileID: 100100000, guid: 971dc7132ecb05041b3b212aff41287d, type: 3}
--- !u!4 &8228897027917029200 stripped
Transform:
  m_CorrespondingSourceObject: {fileID: -4216859302048453862, guid: 971dc7132ecb05041b3b212aff41287d,
    type: 3}
  m_PrefabInstance: {fileID: 3983538259922433098}
  m_PrefabAsset: {fileID: 0}
--- !u!1 &5278623694048734138 stripped
GameObject:
  m_CorrespondingSourceObject: {fileID: 9081841497173041136, guid: 971dc7132ecb05041b3b212aff41287d,
    type: 3}
  m_PrefabInstance: {fileID: 3983538259922433098}
  m_PrefabAsset: {fileID: 0}
--- !u!1001 &7516737128763313741
PrefabInstance:
  m_ObjectHideFlags: 0
  serializedVersion: 2
  m_Modification:
    m_TransformParent: {fileID: 2983105770147963389}
    m_Modifications:
    - target: {fileID: -5689745980993742362, guid: 971dc7132ecb05041b3b212aff41287d,
        type: 3}
      propertyPath: m_Materials.Array.data[0]
      value: 
      objectReference: {fileID: 2100000, guid: 9c9f1c0f459e0644caa530e8351019fc, type: 2}
    - target: {fileID: -5472418950278215357, guid: 971dc7132ecb05041b3b212aff41287d,
        type: 3}
      propertyPath: m_StaticEditorFlags
      value: 4294967295
      objectReference: {fileID: 0}
    - target: {fileID: -4216859302048453862, guid: 971dc7132ecb05041b3b212aff41287d,
        type: 3}
      propertyPath: m_LocalPosition.x
      value: 0.001
      objectReference: {fileID: 0}
    - target: {fileID: -4216859302048453862, guid: 971dc7132ecb05041b3b212aff41287d,
        type: 3}
      propertyPath: m_LocalPosition.y
      value: 6.57
      objectReference: {fileID: 0}
    - target: {fileID: -4216859302048453862, guid: 971dc7132ecb05041b3b212aff41287d,
        type: 3}
      propertyPath: m_LocalPosition.z
      value: 0.005
      objectReference: {fileID: 0}
    - target: {fileID: -4216859302048453862, guid: 971dc7132ecb05041b3b212aff41287d,
        type: 3}
      propertyPath: m_LocalRotation.x
      value: -0
      objectReference: {fileID: 0}
    - target: {fileID: -4216859302048453862, guid: 971dc7132ecb05041b3b212aff41287d,
        type: 3}
      propertyPath: m_LocalRotation.y
      value: -0
      objectReference: {fileID: 0}
    - target: {fileID: -4216859302048453862, guid: 971dc7132ecb05041b3b212aff41287d,
        type: 3}
      propertyPath: m_LocalRotation.z
      value: -0
      objectReference: {fileID: 0}
    - target: {fileID: -4216859302048453862, guid: 971dc7132ecb05041b3b212aff41287d,
        type: 3}
      propertyPath: m_LocalRotation.w
      value: 1
      objectReference: {fileID: 0}
    - target: {fileID: -4216859302048453862, guid: 971dc7132ecb05041b3b212aff41287d,
        type: 3}
      propertyPath: m_RootOrder
      value: 4
      objectReference: {fileID: 0}
    - target: {fileID: -4216859302048453862, guid: 971dc7132ecb05041b3b212aff41287d,
        type: 3}
      propertyPath: m_LocalEulerAnglesHint.x
      value: 0
      objectReference: {fileID: 0}
    - target: {fileID: -4216859302048453862, guid: 971dc7132ecb05041b3b212aff41287d,
        type: 3}
      propertyPath: m_LocalEulerAnglesHint.y
      value: 0
      objectReference: {fileID: 0}
    - target: {fileID: -4216859302048453862, guid: 971dc7132ecb05041b3b212aff41287d,
        type: 3}
      propertyPath: m_LocalEulerAnglesHint.z
      value: 0
      objectReference: {fileID: 0}
    - target: {fileID: -3897138265448108598, guid: 971dc7132ecb05041b3b212aff41287d,
        type: 3}
      propertyPath: m_Materials.Array.data[0]
      value: 
      objectReference: {fileID: 2100000, guid: 9c9f1c0f459e0644caa530e8351019fc, type: 2}
    - target: {fileID: -3760742013781707749, guid: 971dc7132ecb05041b3b212aff41287d,
        type: 3}
      propertyPath: m_StaticEditorFlags
      value: 4294967295
      objectReference: {fileID: 0}
    - target: {fileID: -3111194645518787709, guid: 971dc7132ecb05041b3b212aff41287d,
        type: 3}
      propertyPath: m_Materials.Array.data[0]
      value: 
      objectReference: {fileID: 2100000, guid: 9c9f1c0f459e0644caa530e8351019fc, type: 2}
    - target: {fileID: -2705727274868223669, guid: 971dc7132ecb05041b3b212aff41287d,
        type: 3}
      propertyPath: m_StaticEditorFlags
      value: 4294967295
      objectReference: {fileID: 0}
    - target: {fileID: -927199367670048503, guid: 971dc7132ecb05041b3b212aff41287d,
        type: 3}
      propertyPath: m_Name
      value: SM_Rack02 (2)
      objectReference: {fileID: 0}
    - target: {fileID: -927199367670048503, guid: 971dc7132ecb05041b3b212aff41287d,
        type: 3}
      propertyPath: m_StaticEditorFlags
      value: 4294967295
      objectReference: {fileID: 0}
    - target: {fileID: -694877597861304290, guid: 971dc7132ecb05041b3b212aff41287d,
        type: 3}
      propertyPath: m_LocalPosition.x
      value: 0
      objectReference: {fileID: 0}
    - target: {fileID: -694877597861304290, guid: 971dc7132ecb05041b3b212aff41287d,
        type: 3}
      propertyPath: m_LocalPosition.y
      value: 0
      objectReference: {fileID: 0}
    - target: {fileID: -694877597861304290, guid: 971dc7132ecb05041b3b212aff41287d,
        type: 3}
      propertyPath: m_LocalPosition.z
      value: 0
      objectReference: {fileID: 0}
    - target: {fileID: -364703838212727233, guid: 971dc7132ecb05041b3b212aff41287d,
        type: 3}
      propertyPath: m_Materials.Array.data[0]
      value: 
      objectReference: {fileID: 2100000, guid: 9c9f1c0f459e0644caa530e8351019fc, type: 2}
    - target: {fileID: 919206931070257539, guid: 971dc7132ecb05041b3b212aff41287d,
        type: 3}
      propertyPath: m_StaticEditorFlags
      value: 4294967295
      objectReference: {fileID: 0}
    - target: {fileID: 2609709739141034562, guid: 971dc7132ecb05041b3b212aff41287d,
        type: 3}
      propertyPath: m_StaticEditorFlags
      value: 4294967295
      objectReference: {fileID: 0}
    - target: {fileID: 5551014577142218206, guid: 971dc7132ecb05041b3b212aff41287d,
        type: 3}
      propertyPath: m_LODs.Array.data[0].renderers.Array.size
      value: 1
      objectReference: {fileID: 0}
    - target: {fileID: 5551014577142218206, guid: 971dc7132ecb05041b3b212aff41287d,
        type: 3}
      propertyPath: m_LocalReferencePoint.z
      value: 0.010268092
      objectReference: {fileID: 0}
    - target: {fileID: 5551014577142218206, guid: 971dc7132ecb05041b3b212aff41287d,
        type: 3}
      propertyPath: m_Size
      value: 6.090558
      objectReference: {fileID: 0}
    - target: {fileID: 9081841497173041136, guid: 971dc7132ecb05041b3b212aff41287d,
        type: 3}
      propertyPath: m_StaticEditorFlags
      value: 4294967295
      objectReference: {fileID: 0}
    m_RemovedComponents:
    - {fileID: -3412743539905456905, guid: 971dc7132ecb05041b3b212aff41287d, type: 3}
  m_SourcePrefab: {fileID: 100100000, guid: 971dc7132ecb05041b3b212aff41287d, type: 3}
--- !u!4 &3254524015694636375 stripped
Transform:
  m_CorrespondingSourceObject: {fileID: -4216859302048453862, guid: 971dc7132ecb05041b3b212aff41287d,
    type: 3}
  m_PrefabInstance: {fileID: 7516737128763313741}
  m_PrefabAsset: {fileID: 0}
--- !u!1 &1610597817507369405 stripped
GameObject:
  m_CorrespondingSourceObject: {fileID: 9081841497173041136, guid: 971dc7132ecb05041b3b212aff41287d,
    type: 3}
  m_PrefabInstance: {fileID: 7516737128763313741}
  m_PrefabAsset: {fileID: 0}
