%YAML 1.1
%TAG !u! tag:unity3d.com,2011:
--- !u!1001 &483483230360746089
PrefabInstance:
  m_ObjectHideFlags: 0
  serializedVersion: 2
  m_Modification:
    m_TransformParent: {fileID: 312476264987006238}
    m_Modifications:
    - target: {fileID: 461489211113817999, guid: b8194f07e3a4bc94781d7ba6353b0925,
        type: 3}
      propertyPath: m_StaticEditorFlags
      value: 4294967295
      objectReference: {fileID: 0}
    - target: {fileID: 2321617537238399501, guid: b8194f07e3a4bc94781d7ba6353b0925,
        type: 3}
      propertyPath: m_StaticEditorFlags
      value: 4294967295
      objectReference: {fileID: 0}
    - target: {fileID: 3675126335398024469, guid: b8194f07e3a4bc94781d7ba6353b0925,
        type: 3}
      propertyPath: m_StaticEditorFlags
      value: 4294967295
      objectReference: {fileID: 0}
    - target: {fileID: 5851003794586860255, guid: b8194f07e3a4bc94781d7ba6353b0925,
        type: 3}
      propertyPath: m_Name
      value: SM_CartonBox01 (1)
      objectReference: {fileID: 0}
    - target: {fileID: 5851003794586860255, guid: b8194f07e3a4bc94781d7ba6353b0925,
        type: 3}
      propertyPath: m_StaticEditorFlags
      value: 4294967295
      objectReference: {fileID: 0}
    - target: {fileID: 6122829379072063525, guid: b8194f07e3a4bc94781d7ba6353b0925,
        type: 3}
      propertyPath: m_StaticEditorFlags
      value: 4294967295
      objectReference: {fileID: 0}
    - target: {fileID: 7451673062427658444, guid: b8194f07e3a4bc94781d7ba6353b0925,
        type: 3}
      propertyPath: m_LocalPosition.x
      value: -0.087
      objectReference: {fileID: 0}
    - target: {fileID: 7451673062427658444, guid: b8194f07e3a4bc94781d7ba6353b0925,
        type: 3}
      propertyPath: m_LocalPosition.y
      value: 6.682
      objectReference: {fileID: 0}
    - target: {fileID: 7451673062427658444, guid: b8194f07e3a4bc94781d7ba6353b0925,
        type: 3}
      propertyPath: m_LocalPosition.z
      value: -0.992
      objectReference: {fileID: 0}
    - target: {fileID: 7451673062427658444, guid: b8194f07e3a4bc94781d7ba6353b0925,
        type: 3}
      propertyPath: m_LocalRotation.x
      value: -0
      objectReference: {fileID: 0}
    - target: {fileID: 7451673062427658444, guid: b8194f07e3a4bc94781d7ba6353b0925,
        type: 3}
      propertyPath: m_LocalRotation.y
      value: -0.9323849
      objectReference: {fileID: 0}
    - target: {fileID: 7451673062427658444, guid: b8194f07e3a4bc94781d7ba6353b0925,
        type: 3}
      propertyPath: m_LocalRotation.z
      value: -0
      objectReference: {fileID: 0}
    - target: {fileID: 7451673062427658444, guid: b8194f07e3a4bc94781d7ba6353b0925,
        type: 3}
      propertyPath: m_LocalRotation.w
      value: 0.36146703
      objectReference: {fileID: 0}
    - target: {fileID: 7451673062427658444, guid: b8194f07e3a4bc94781d7ba6353b0925,
        type: 3}
      propertyPath: m_RootOrder
      value: 7
      objectReference: {fileID: 0}
    - target: {fileID: 7451673062427658444, guid: b8194f07e3a4bc94781d7ba6353b0925,
        type: 3}
      propertyPath: m_LocalEulerAnglesHint.x
      value: 0
      objectReference: {fileID: 0}
    - target: {fileID: 7451673062427658444, guid: b8194f07e3a4bc94781d7ba6353b0925,
        type: 3}
      propertyPath: m_LocalEulerAnglesHint.y
      value: -137.619
      objectReference: {fileID: 0}
    - target: {fileID: 7451673062427658444, guid: b8194f07e3a4bc94781d7ba6353b0925,
        type: 3}
      propertyPath: m_LocalEulerAnglesHint.z
      value: 0
      objectReference: {fileID: 0}
    m_RemovedComponents: []
  m_SourcePrefab: {fileID: 100100000, guid: b8194f07e3a4bc94781d7ba6353b0925, type: 3}
--- !u!1001 &1411575246936991182
PrefabInstance:
  m_ObjectHideFlags: 0
  serializedVersion: 2
  m_Modification:
    m_TransformParent: {fileID: 312476264987006238}
    m_Modifications:
    - target: {fileID: 461489211113817999, guid: b8194f07e3a4bc94781d7ba6353b0925,
        type: 3}
      propertyPath: m_StaticEditorFlags
      value: 4294967295
      objectReference: {fileID: 0}
    - target: {fileID: 2321617537238399501, guid: b8194f07e3a4bc94781d7ba6353b0925,
        type: 3}
      propertyPath: m_StaticEditorFlags
      value: 4294967295
      objectReference: {fileID: 0}
    - target: {fileID: 3675126335398024469, guid: b8194f07e3a4bc94781d7ba6353b0925,
        type: 3}
      propertyPath: m_StaticEditorFlags
      value: 4294967295
      objectReference: {fileID: 0}
    - target: {fileID: 5851003794586860255, guid: b8194f07e3a4bc94781d7ba6353b0925,
        type: 3}
      propertyPath: m_Name
      value: SM_CartonBox01
      objectReference: {fileID: 0}
    - target: {fileID: 5851003794586860255, guid: b8194f07e3a4bc94781d7ba6353b0925,
        type: 3}
      propertyPath: m_StaticEditorFlags
      value: 4294967295
      objectReference: {fileID: 0}
    - target: {fileID: 6122829379072063525, guid: b8194f07e3a4bc94781d7ba6353b0925,
        type: 3}
      propertyPath: m_StaticEditorFlags
      value: 4294967295
      objectReference: {fileID: 0}
    - target: {fileID: 7451673062427658444, guid: b8194f07e3a4bc94781d7ba6353b0925,
        type: 3}
      propertyPath: m_LocalPosition.x
      value: -0.008
      objectReference: {fileID: 0}
    - target: {fileID: 7451673062427658444, guid: b8194f07e3a4bc94781d7ba6353b0925,
        type: 3}
      propertyPath: m_LocalPosition.y
      value: 5.797
      objectReference: {fileID: 0}
    - target: {fileID: 7451673062427658444, guid: b8194f07e3a4bc94781d7ba6353b0925,
        type: 3}
      propertyPath: m_LocalPosition.z
      value: -2.398
      objectReference: {fileID: 0}
    - target: {fileID: 7451673062427658444, guid: b8194f07e3a4bc94781d7ba6353b0925,
        type: 3}
      propertyPath: m_LocalRotation.x
      value: -0
      objectReference: {fileID: 0}
    - target: {fileID: 7451673062427658444, guid: b8194f07e3a4bc94781d7ba6353b0925,
        type: 3}
      propertyPath: m_LocalRotation.y
      value: -0.70663553
      objectReference: {fileID: 0}
    - target: {fileID: 7451673062427658444, guid: b8194f07e3a4bc94781d7ba6353b0925,
        type: 3}
      propertyPath: m_LocalRotation.z
      value: -0
      objectReference: {fileID: 0}
    - target: {fileID: 7451673062427658444, guid: b8194f07e3a4bc94781d7ba6353b0925,
        type: 3}
      propertyPath: m_LocalRotation.w
      value: 0.7075777
      objectReference: {fileID: 0}
    - target: {fileID: 7451673062427658444, guid: b8194f07e3a4bc94781d7ba6353b0925,
        type: 3}
      propertyPath: m_RootOrder
      value: 5
      objectReference: {fileID: 0}
    - target: {fileID: 7451673062427658444, guid: b8194f07e3a4bc94781d7ba6353b0925,
        type: 3}
      propertyPath: m_LocalEulerAnglesHint.x
      value: 0
      objectReference: {fileID: 0}
    - target: {fileID: 7451673062427658444, guid: b8194f07e3a4bc94781d7ba6353b0925,
        type: 3}
      propertyPath: m_LocalEulerAnglesHint.y
      value: -89.924
      objectReference: {fileID: 0}
    - target: {fileID: 7451673062427658444, guid: b8194f07e3a4bc94781d7ba6353b0925,
        type: 3}
      propertyPath: m_LocalEulerAnglesHint.z
      value: 0
      objectReference: {fileID: 0}
    - target: {fileID: 7451673062427658444, guid: b8194f07e3a4bc94781d7ba6353b0925,
        type: 3}
      propertyPath: m_LocalScale.x
      value: 1.6704
      objectReference: {fileID: 0}
    - target: {fileID: 7451673062427658444, guid: b8194f07e3a4bc94781d7ba6353b0925,
        type: 3}
      propertyPath: m_LocalScale.y
      value: 1.6704
      objectReference: {fileID: 0}
    - target: {fileID: 7451673062427658444, guid: b8194f07e3a4bc94781d7ba6353b0925,
        type: 3}
      propertyPath: m_LocalScale.z
      value: 1.6704
      objectReference: {fileID: 0}
    m_RemovedComponents: []
  m_SourcePrefab: {fileID: 100100000, guid: b8194f07e3a4bc94781d7ba6353b0925, type: 3}
--- !u!1001 &2898410335848121045
PrefabInstance:
  m_ObjectHideFlags: 0
  serializedVersion: 2
  m_Modification:
    m_TransformParent: {fileID: 4814761924168483578}
    m_Modifications:
    - target: {fileID: 461489211113817999, guid: b8194f07e3a4bc94781d7ba6353b0925,
        type: 3}
      propertyPath: m_StaticEditorFlags
      value: 4294967295
      objectReference: {fileID: 0}
    - target: {fileID: 2321617537238399501, guid: b8194f07e3a4bc94781d7ba6353b0925,
        type: 3}
      propertyPath: m_StaticEditorFlags
      value: 4294967295
      objectReference: {fileID: 0}
    - target: {fileID: 3675126335398024469, guid: b8194f07e3a4bc94781d7ba6353b0925,
        type: 3}
      propertyPath: m_StaticEditorFlags
      value: 4294967295
      objectReference: {fileID: 0}
    - target: {fileID: 5851003794586860255, guid: b8194f07e3a4bc94781d7ba6353b0925,
        type: 3}
      propertyPath: m_Name
      value: SM_CartonBox01
      objectReference: {fileID: 0}
    - target: {fileID: 5851003794586860255, guid: b8194f07e3a4bc94781d7ba6353b0925,
        type: 3}
      propertyPath: m_StaticEditorFlags
      value: 4294967295
      objectReference: {fileID: 0}
    - target: {fileID: 6122829379072063525, guid: b8194f07e3a4bc94781d7ba6353b0925,
        type: 3}
      propertyPath: m_StaticEditorFlags
      value: 4294967295
      objectReference: {fileID: 0}
    - target: {fileID: 7451673062427658444, guid: b8194f07e3a4bc94781d7ba6353b0925,
        type: 3}
      propertyPath: m_LocalPosition.x
      value: 0.148
      objectReference: {fileID: 0}
    - target: {fileID: 7451673062427658444, guid: b8194f07e3a4bc94781d7ba6353b0925,
        type: 3}
      propertyPath: m_LocalPosition.y
      value: 0.187
      objectReference: {fileID: 0}
    - target: {fileID: 7451673062427658444, guid: b8194f07e3a4bc94781d7ba6353b0925,
        type: 3}
      propertyPath: m_LocalPosition.z
      value: 2.1169999
      objectReference: {fileID: 0}
    - target: {fileID: 7451673062427658444, guid: b8194f07e3a4bc94781d7ba6353b0925,
        type: 3}
      propertyPath: m_LocalRotation.x
      value: -0
      objectReference: {fileID: 0}
    - target: {fileID: 7451673062427658444, guid: b8194f07e3a4bc94781d7ba6353b0925,
        type: 3}
      propertyPath: m_LocalRotation.y
      value: -0.70663553
      objectReference: {fileID: 0}
    - target: {fileID: 7451673062427658444, guid: b8194f07e3a4bc94781d7ba6353b0925,
        type: 3}
      propertyPath: m_LocalRotation.z
      value: -0
      objectReference: {fileID: 0}
    - target: {fileID: 7451673062427658444, guid: b8194f07e3a4bc94781d7ba6353b0925,
        type: 3}
      propertyPath: m_LocalRotation.w
      value: 0.7075777
      objectReference: {fileID: 0}
    - target: {fileID: 7451673062427658444, guid: b8194f07e3a4bc94781d7ba6353b0925,
        type: 3}
      propertyPath: m_RootOrder
      value: 3
      objectReference: {fileID: 0}
    - target: {fileID: 7451673062427658444, guid: b8194f07e3a4bc94781d7ba6353b0925,
        type: 3}
      propertyPath: m_LocalEulerAnglesHint.x
      value: 0
      objectReference: {fileID: 0}
    - target: {fileID: 7451673062427658444, guid: b8194f07e3a4bc94781d7ba6353b0925,
        type: 3}
      propertyPath: m_LocalEulerAnglesHint.y
      value: -89.924
      objectReference: {fileID: 0}
    - target: {fileID: 7451673062427658444, guid: b8194f07e3a4bc94781d7ba6353b0925,
        type: 3}
      propertyPath: m_LocalEulerAnglesHint.z
      value: 0
      objectReference: {fileID: 0}
    m_RemovedComponents: []
  m_SourcePrefab: {fileID: 100100000, guid: b8194f07e3a4bc94781d7ba6353b0925, type: 3}
--- !u!1001 &3256170036374336739
PrefabInstance:
  m_ObjectHideFlags: 0
  serializedVersion: 2
  m_Modification:
    m_TransformParent: {fileID: 0}
    m_Modifications:
    - target: {fileID: 106917790130728574, guid: 870fde48616bbaf44a249ed14b1c3256,
        type: 3}
      propertyPath: m_StaticEditorFlags
      value: 4294967295
      objectReference: {fileID: 0}
    - target: {fileID: 235965109805497609, guid: 870fde48616bbaf44a249ed14b1c3256,
        type: 3}
      propertyPath: m_StaticEditorFlags
      value: 4294967295
      objectReference: {fileID: 0}
    - target: {fileID: 747714067676391174, guid: 870fde48616bbaf44a249ed14b1c3256,
        type: 3}
      propertyPath: m_StaticEditorFlags
      value: 4294967295
      objectReference: {fileID: 0}
    - target: {fileID: 1057357384428957505, guid: 870fde48616bbaf44a249ed14b1c3256,
        type: 3}
      propertyPath: m_StaticEditorFlags
      value: 4294967295
      objectReference: {fileID: 0}
    - target: {fileID: 1331398203814107809, guid: 870fde48616bbaf44a249ed14b1c3256,
        type: 3}
      propertyPath: m_StaticEditorFlags
      value: 4294967295
      objectReference: {fileID: 0}
    - target: {fileID: 1405074564630332936, guid: 870fde48616bbaf44a249ed14b1c3256,
        type: 3}
      propertyPath: m_StaticEditorFlags
      value: 4294967295
      objectReference: {fileID: 0}
    - target: {fileID: 1610597817507369405, guid: 870fde48616bbaf44a249ed14b1c3256,
        type: 3}
      propertyPath: m_StaticEditorFlags
      value: 4294967295
      objectReference: {fileID: 0}
    - target: {fileID: 1977429338670372676, guid: 870fde48616bbaf44a249ed14b1c3256,
        type: 3}
      propertyPath: m_StaticEditorFlags
      value: 4294967295
      objectReference: {fileID: 0}
    - target: {fileID: 2203947054469469248, guid: 870fde48616bbaf44a249ed14b1c3256,
        type: 3}
      propertyPath: m_StaticEditorFlags
      value: 4294967295
      objectReference: {fileID: 0}
    - target: {fileID: 2251033713431319534, guid: 870fde48616bbaf44a249ed14b1c3256,
        type: 3}
      propertyPath: m_Name
      value: SM_Rack_Stack3
      objectReference: {fileID: 0}
    - target: {fileID: 2251033713431319534, guid: 870fde48616bbaf44a249ed14b1c3256,
        type: 3}
      propertyPath: m_StaticEditorFlags
      value: 4294967295
      objectReference: {fileID: 0}
    - target: {fileID: 2567044673210825302, guid: 870fde48616bbaf44a249ed14b1c3256,
        type: 3}
      propertyPath: m_StaticEditorFlags
      value: 4294967295
      objectReference: {fileID: 0}
    - target: {fileID: 2763622525176108160, guid: 870fde48616bbaf44a249ed14b1c3256,
        type: 3}
      propertyPath: m_StaticEditorFlags
      value: 4294967295
      objectReference: {fileID: 0}
    - target: {fileID: 2983105770147963389, guid: 870fde48616bbaf44a249ed14b1c3256,
        type: 3}
      propertyPath: m_LocalPosition.x
      value: 0
      objectReference: {fileID: 0}
    - target: {fileID: 2983105770147963389, guid: 870fde48616bbaf44a249ed14b1c3256,
        type: 3}
      propertyPath: m_LocalPosition.y
      value: 0
      objectReference: {fileID: 0}
    - target: {fileID: 2983105770147963389, guid: 870fde48616bbaf44a249ed14b1c3256,
        type: 3}
      propertyPath: m_LocalPosition.z
      value: 0
      objectReference: {fileID: 0}
    - target: {fileID: 2983105770147963389, guid: 870fde48616bbaf44a249ed14b1c3256,
        type: 3}
      propertyPath: m_LocalRotation.x
      value: 0
      objectReference: {fileID: 0}
    - target: {fileID: 2983105770147963389, guid: 870fde48616bbaf44a249ed14b1c3256,
        type: 3}
      propertyPath: m_LocalRotation.y
      value: 0
      objectReference: {fileID: 0}
    - target: {fileID: 2983105770147963389, guid: 870fde48616bbaf44a249ed14b1c3256,
        type: 3}
      propertyPath: m_LocalRotation.z
      value: 0
      objectReference: {fileID: 0}
    - target: {fileID: 2983105770147963389, guid: 870fde48616bbaf44a249ed14b1c3256,
        type: 3}
      propertyPath: m_LocalRotation.w
      value: 1
      objectReference: {fileID: 0}
    - target: {fileID: 2983105770147963389, guid: 870fde48616bbaf44a249ed14b1c3256,
        type: 3}
      propertyPath: m_RootOrder
      value: 0
      objectReference: {fileID: 0}
    - target: {fileID: 2983105770147963389, guid: 870fde48616bbaf44a249ed14b1c3256,
        type: 3}
      propertyPath: m_LocalEulerAnglesHint.x
      value: 0
      objectReference: {fileID: 0}
    - target: {fileID: 2983105770147963389, guid: 870fde48616bbaf44a249ed14b1c3256,
        type: 3}
      propertyPath: m_LocalEulerAnglesHint.y
      value: 0
      objectReference: {fileID: 0}
    - target: {fileID: 2983105770147963389, guid: 870fde48616bbaf44a249ed14b1c3256,
        type: 3}
      propertyPath: m_LocalEulerAnglesHint.z
      value: 0
      objectReference: {fileID: 0}
    - target: {fileID: 3254524015694636375, guid: 870fde48616bbaf44a249ed14b1c3256,
        type: 3}
      propertyPath: m_LocalPosition.y
      value: 5.576
      objectReference: {fileID: 0}
    - target: {fileID: 3612876422282583814, guid: 870fde48616bbaf44a249ed14b1c3256,
        type: 3}
      propertyPath: m_StaticEditorFlags
      value: 4294967295
      objectReference: {fileID: 0}
    - target: {fileID: 4290227458044575177, guid: 870fde48616bbaf44a249ed14b1c3256,
        type: 3}
      propertyPath: m_StaticEditorFlags
      value: 4294967295
      objectReference: {fileID: 0}
    - target: {fileID: 4929669073963707715, guid: 870fde48616bbaf44a249ed14b1c3256,
        type: 3}
      propertyPath: m_StaticEditorFlags
      value: 4294967295
      objectReference: {fileID: 0}
    - target: {fileID: 5278623694048734138, guid: 870fde48616bbaf44a249ed14b1c3256,
        type: 3}
      propertyPath: m_StaticEditorFlags
      value: 4294967295
      objectReference: {fileID: 0}
    - target: {fileID: 5505472121008929807, guid: 870fde48616bbaf44a249ed14b1c3256,
        type: 3}
      propertyPath: m_StaticEditorFlags
      value: 4294967295
      objectReference: {fileID: 0}
    - target: {fileID: 6094178881047118579, guid: 870fde48616bbaf44a249ed14b1c3256,
        type: 3}
      propertyPath: m_StaticEditorFlags
      value: 4294967295
      objectReference: {fileID: 0}
    - target: {fileID: 6465511861938390026, guid: 870fde48616bbaf44a249ed14b1c3256,
        type: 3}
      propertyPath: m_StaticEditorFlags
      value: 4294967295
      objectReference: {fileID: 0}
    - target: {fileID: 6656002914175174414, guid: 870fde48616bbaf44a249ed14b1c3256,
        type: 3}
      propertyPath: m_StaticEditorFlags
      value: 4294967295
      objectReference: {fileID: 0}
    - target: {fileID: 7013468900662815000, guid: 870fde48616bbaf44a249ed14b1c3256,
        type: 3}
      propertyPath: m_StaticEditorFlags
      value: 4294967295
      objectReference: {fileID: 0}
    - target: {fileID: 7246711000863885262, guid: 870fde48616bbaf44a249ed14b1c3256,
        type: 3}
      propertyPath: m_StaticEditorFlags
      value: 4294967295
      objectReference: {fileID: 0}
    - target: {fileID: 7870899686318433537, guid: 870fde48616bbaf44a249ed14b1c3256,
        type: 3}
      propertyPath: m_StaticEditorFlags
      value: 4294967295
      objectReference: {fileID: 0}
    - target: {fileID: 7970751937263803718, guid: 870fde48616bbaf44a249ed14b1c3256,
        type: 3}
      propertyPath: m_StaticEditorFlags
      value: 4294967295
      objectReference: {fileID: 0}
    - target: {fileID: 8061800745986389529, guid: 870fde48616bbaf44a249ed14b1c3256,
        type: 3}
      propertyPath: m_LocalPosition.y
      value: 0.75
      objectReference: {fileID: 0}
    - target: {fileID: 8135931669032078408, guid: 870fde48616bbaf44a249ed14b1c3256,
        type: 3}
      propertyPath: m_StaticEditorFlags
      value: 4294967295
      objectReference: {fileID: 0}
    - target: {fileID: 8228897027917029200, guid: 870fde48616bbaf44a249ed14b1c3256,
        type: 3}
      propertyPath: m_LocalPosition.y
      value: 3.313
      objectReference: {fileID: 0}
    - target: {fileID: 8820865911515320831, guid: 870fde48616bbaf44a249ed14b1c3256,
        type: 3}
      propertyPath: m_StaticEditorFlags
      value: 4294967295
      objectReference: {fileID: 0}
    - target: {fileID: 8948624627036613146, guid: 870fde48616bbaf44a249ed14b1c3256,
        type: 3}
      propertyPath: m_StaticEditorFlags
      value: 4294967295
      objectReference: {fileID: 0}
    - target: {fileID: 8973272591942664273, guid: 870fde48616bbaf44a249ed14b1c3256,
        type: 3}
      propertyPath: m_StaticEditorFlags
      value: 4294967295
      objectReference: {fileID: 0}
    m_RemovedComponents: []
  m_SourcePrefab: {fileID: 100100000, guid: 870fde48616bbaf44a249ed14b1c3256, type: 3}
--- !u!4 &312476264987006238 stripped
Transform:
  m_CorrespondingSourceObject: {fileID: 2983105770147963389, guid: 870fde48616bbaf44a249ed14b1c3256,
    type: 3}
  m_PrefabInstance: {fileID: 3256170036374336739}
  m_PrefabAsset: {fileID: 0}
--- !u!4 &4814761924168483578 stripped
Transform:
  m_CorrespondingSourceObject: {fileID: 8061800745986389529, guid: 870fde48616bbaf44a249ed14b1c3256,
    type: 3}
  m_PrefabInstance: {fileID: 3256170036374336739}
  m_PrefabAsset: {fileID: 0}
--- !u!4 &6846271169266445235 stripped
Transform:
  m_CorrespondingSourceObject: {fileID: 8228897027917029200, guid: 870fde48616bbaf44a249ed14b1c3256,
    type: 3}
  m_PrefabInstance: {fileID: 3256170036374336739}
  m_PrefabAsset: {fileID: 0}
--- !u!1001 &3594887757393439362
PrefabInstance:
  m_ObjectHideFlags: 0
  serializedVersion: 2
  m_Modification:
    m_TransformParent: {fileID: 4814761924168483578}
    m_Modifications:
    - target: {fileID: 952733051943190007, guid: b739df4f02a3c734e85f188c6f90cd57,
        type: 3}
      propertyPath: m_StaticEditorFlags
      value: 4294967295
      objectReference: {fileID: 0}
    - target: {fileID: 1188492686271336717, guid: b739df4f02a3c734e85f188c6f90cd57,
        type: 3}
      propertyPath: m_Name
      value: SM_CartonBox02
      objectReference: {fileID: 0}
    - target: {fileID: 1188492686271336717, guid: b739df4f02a3c734e85f188c6f90cd57,
        type: 3}
      propertyPath: m_StaticEditorFlags
      value: 4294967295
      objectReference: {fileID: 0}
    - target: {fileID: 2748609838883578654, guid: b739df4f02a3c734e85f188c6f90cd57,
        type: 3}
      propertyPath: m_LocalPosition.x
      value: 0.24
      objectReference: {fileID: 0}
    - target: {fileID: 2748609838883578654, guid: b739df4f02a3c734e85f188c6f90cd57,
        type: 3}
      propertyPath: m_LocalPosition.y
      value: 0.185
      objectReference: {fileID: 0}
    - target: {fileID: 2748609838883578654, guid: b739df4f02a3c734e85f188c6f90cd57,
        type: 3}
      propertyPath: m_LocalPosition.z
      value: 1.155
      objectReference: {fileID: 0}
    - target: {fileID: 2748609838883578654, guid: b739df4f02a3c734e85f188c6f90cd57,
        type: 3}
      propertyPath: m_LocalRotation.x
      value: -0
      objectReference: {fileID: 0}
    - target: {fileID: 2748609838883578654, guid: b739df4f02a3c734e85f188c6f90cd57,
        type: 3}
      propertyPath: m_LocalRotation.y
      value: -0.088376924
      objectReference: {fileID: 0}
    - target: {fileID: 2748609838883578654, guid: b739df4f02a3c734e85f188c6f90cd57,
        type: 3}
      propertyPath: m_LocalRotation.z
      value: -0
      objectReference: {fileID: 0}
    - target: {fileID: 2748609838883578654, guid: b739df4f02a3c734e85f188c6f90cd57,
        type: 3}
      propertyPath: m_LocalRotation.w
      value: 0.99608713
      objectReference: {fileID: 0}
    - target: {fileID: 2748609838883578654, guid: b739df4f02a3c734e85f188c6f90cd57,
        type: 3}
      propertyPath: m_RootOrder
      value: 4
      objectReference: {fileID: 0}
    - target: {fileID: 2748609838883578654, guid: b739df4f02a3c734e85f188c6f90cd57,
        type: 3}
      propertyPath: m_LocalEulerAnglesHint.x
      value: 0
      objectReference: {fileID: 0}
    - target: {fileID: 2748609838883578654, guid: b739df4f02a3c734e85f188c6f90cd57,
        type: 3}
      propertyPath: m_LocalEulerAnglesHint.y
      value: -10.14
      objectReference: {fileID: 0}
    - target: {fileID: 2748609838883578654, guid: b739df4f02a3c734e85f188c6f90cd57,
        type: 3}
      propertyPath: m_LocalEulerAnglesHint.z
      value: 0
      objectReference: {fileID: 0}
    - target: {fileID: 3856626213162182584, guid: b739df4f02a3c734e85f188c6f90cd57,
        type: 3}
      propertyPath: m_StaticEditorFlags
      value: 4294967295
      objectReference: {fileID: 0}
    - target: {fileID: 5389058137501604468, guid: b739df4f02a3c734e85f188c6f90cd57,
        type: 3}
      propertyPath: m_StaticEditorFlags
      value: 4294967295
      objectReference: {fileID: 0}
    - target: {fileID: 7295449897717143750, guid: b739df4f02a3c734e85f188c6f90cd57,
        type: 3}
      propertyPath: m_StaticEditorFlags
      value: 4294967295
      objectReference: {fileID: 0}
    - target: {fileID: 9132808953387751487, guid: b739df4f02a3c734e85f188c6f90cd57,
        type: 3}
      propertyPath: m_StaticEditorFlags
      value: 4294967295
      objectReference: {fileID: 0}
    m_RemovedComponents: []
  m_SourcePrefab: {fileID: 100100000, guid: b739df4f02a3c734e85f188c6f90cd57, type: 3}
--- !u!1001 &4785047570651487717
PrefabInstance:
  m_ObjectHideFlags: 0
  serializedVersion: 2
  m_Modification:
    m_TransformParent: {fileID: 312476264987006238}
    m_Modifications:
    - target: {fileID: 952733051943190007, guid: b739df4f02a3c734e85f188c6f90cd57,
        type: 3}
      propertyPath: m_StaticEditorFlags
      value: 4294967295
      objectReference: {fileID: 0}
    - target: {fileID: 1188492686271336717, guid: b739df4f02a3c734e85f188c6f90cd57,
        type: 3}
      propertyPath: m_Name
      value: SM_CartonBox02
      objectReference: {fileID: 0}
    - target: {fileID: 1188492686271336717, guid: b739df4f02a3c734e85f188c6f90cd57,
        type: 3}
      propertyPath: m_StaticEditorFlags
      value: 4294967295
      objectReference: {fileID: 0}
    - target: {fileID: 2748609838883578654, guid: b739df4f02a3c734e85f188c6f90cd57,
        type: 3}
      propertyPath: m_LocalPosition.x
      value: -0.096
      objectReference: {fileID: 0}
    - target: {fileID: 2748609838883578654, guid: b739df4f02a3c734e85f188c6f90cd57,
        type: 3}
      propertyPath: m_LocalPosition.y
      value: 5.741
      objectReference: {fileID: 0}
    - target: {fileID: 2748609838883578654, guid: b739df4f02a3c734e85f188c6f90cd57,
        type: 3}
      propertyPath: m_LocalPosition.z
      value: -0.93916166
      objectReference: {fileID: 0}
    - target: {fileID: 2748609838883578654, guid: b739df4f02a3c734e85f188c6f90cd57,
        type: 3}
      propertyPath: m_LocalRotation.x
      value: -0
      objectReference: {fileID: 0}
    - target: {fileID: 2748609838883578654, guid: b739df4f02a3c734e85f188c6f90cd57,
        type: 3}
      propertyPath: m_LocalRotation.y
      value: -0
      objectReference: {fileID: 0}
    - target: {fileID: 2748609838883578654, guid: b739df4f02a3c734e85f188c6f90cd57,
        type: 3}
      propertyPath: m_LocalRotation.z
      value: -0
      objectReference: {fileID: 0}
    - target: {fileID: 2748609838883578654, guid: b739df4f02a3c734e85f188c6f90cd57,
        type: 3}
      propertyPath: m_LocalRotation.w
      value: 1
      objectReference: {fileID: 0}
    - target: {fileID: 2748609838883578654, guid: b739df4f02a3c734e85f188c6f90cd57,
        type: 3}
      propertyPath: m_RootOrder
      value: 6
      objectReference: {fileID: 0}
    - target: {fileID: 2748609838883578654, guid: b739df4f02a3c734e85f188c6f90cd57,
        type: 3}
      propertyPath: m_LocalEulerAnglesHint.x
      value: 0
      objectReference: {fileID: 0}
    - target: {fileID: 2748609838883578654, guid: b739df4f02a3c734e85f188c6f90cd57,
        type: 3}
      propertyPath: m_LocalEulerAnglesHint.y
      value: 0
      objectReference: {fileID: 0}
    - target: {fileID: 2748609838883578654, guid: b739df4f02a3c734e85f188c6f90cd57,
        type: 3}
      propertyPath: m_LocalEulerAnglesHint.z
      value: 0
      objectReference: {fileID: 0}
    - target: {fileID: 2748609838883578654, guid: b739df4f02a3c734e85f188c6f90cd57,
        type: 3}
      propertyPath: m_LocalScale.x
      value: 1.5448
      objectReference: {fileID: 0}
    - target: {fileID: 2748609838883578654, guid: b739df4f02a3c734e85f188c6f90cd57,
        type: 3}
      propertyPath: m_LocalScale.y
      value: 1.5448
      objectReference: {fileID: 0}
    - target: {fileID: 2748609838883578654, guid: b739df4f02a3c734e85f188c6f90cd57,
        type: 3}
      propertyPath: m_LocalScale.z
      value: 1.5448
      objectReference: {fileID: 0}
    - target: {fileID: 3856626213162182584, guid: b739df4f02a3c734e85f188c6f90cd57,
        type: 3}
      propertyPath: m_StaticEditorFlags
      value: 4294967295
      objectReference: {fileID: 0}
    - target: {fileID: 5389058137501604468, guid: b739df4f02a3c734e85f188c6f90cd57,
        type: 3}
      propertyPath: m_StaticEditorFlags
      value: 4294967295
      objectReference: {fileID: 0}
    - target: {fileID: 7295449897717143750, guid: b739df4f02a3c734e85f188c6f90cd57,
        type: 3}
      propertyPath: m_StaticEditorFlags
      value: 4294967295
      objectReference: {fileID: 0}
    - target: {fileID: 9132808953387751487, guid: b739df4f02a3c734e85f188c6f90cd57,
        type: 3}
      propertyPath: m_StaticEditorFlags
      value: 4294967295
      objectReference: {fileID: 0}
    m_RemovedComponents: []
  m_SourcePrefab: {fileID: 100100000, guid: b739df4f02a3c734e85f188c6f90cd57, type: 3}
--- !u!1001 &5753413583139671822
PrefabInstance:
  m_ObjectHideFlags: 0
  serializedVersion: 2
  m_Modification:
    m_TransformParent: {fileID: 4814761924168483578}
    m_Modifications:
    - target: {fileID: 764407428349314116, guid: 635e86c750786dd41bf29f5b1fc702f4,
        type: 3}
      propertyPath: m_LocalPosition.x
      value: -0.10888059
      objectReference: {fileID: 0}
    - target: {fileID: 764407428349314116, guid: 635e86c750786dd41bf29f5b1fc702f4,
        type: 3}
      propertyPath: m_LocalPosition.y
      value: 0.237
      objectReference: {fileID: 0}
    - target: {fileID: 764407428349314116, guid: 635e86c750786dd41bf29f5b1fc702f4,
        type: 3}
      propertyPath: m_LocalPosition.z
      value: -1.831
      objectReference: {fileID: 0}
    - target: {fileID: 764407428349314116, guid: 635e86c750786dd41bf29f5b1fc702f4,
        type: 3}
      propertyPath: m_LocalRotation.x
      value: -0
      objectReference: {fileID: 0}
    - target: {fileID: 764407428349314116, guid: 635e86c750786dd41bf29f5b1fc702f4,
        type: 3}
      propertyPath: m_LocalRotation.y
      value: -0
      objectReference: {fileID: 0}
    - target: {fileID: 764407428349314116, guid: 635e86c750786dd41bf29f5b1fc702f4,
        type: 3}
      propertyPath: m_LocalRotation.z
      value: -0
      objectReference: {fileID: 0}
    - target: {fileID: 764407428349314116, guid: 635e86c750786dd41bf29f5b1fc702f4,
        type: 3}
      propertyPath: m_LocalRotation.w
      value: 1
      objectReference: {fileID: 0}
    - target: {fileID: 764407428349314116, guid: 635e86c750786dd41bf29f5b1fc702f4,
        type: 3}
      propertyPath: m_RootOrder
      value: 2
      objectReference: {fileID: 0}
    - target: {fileID: 764407428349314116, guid: 635e86c750786dd41bf29f5b1fc702f4,
        type: 3}
      propertyPath: m_LocalEulerAnglesHint.x
      value: 0
      objectReference: {fileID: 0}
    - target: {fileID: 764407428349314116, guid: 635e86c750786dd41bf29f5b1fc702f4,
        type: 3}
      propertyPath: m_LocalEulerAnglesHint.y
      value: 0
      objectReference: {fileID: 0}
    - target: {fileID: 764407428349314116, guid: 635e86c750786dd41bf29f5b1fc702f4,
        type: 3}
      propertyPath: m_LocalEulerAnglesHint.z
      value: 0
      objectReference: {fileID: 0}
    - target: {fileID: 2005857221945474507, guid: 635e86c750786dd41bf29f5b1fc702f4,
        type: 3}
      propertyPath: m_StaticEditorFlags
      value: 4294967295
      objectReference: {fileID: 0}
    - target: {fileID: 2088376400201815694, guid: 635e86c750786dd41bf29f5b1fc702f4,
        type: 3}
      propertyPath: m_StaticEditorFlags
      value: 4294967295
      objectReference: {fileID: 0}
    - target: {fileID: 4377746611816150615, guid: 635e86c750786dd41bf29f5b1fc702f4,
        type: 3}
      propertyPath: m_Name
      value: SM_WaterTank01
      objectReference: {fileID: 0}
    - target: {fileID: 4377746611816150615, guid: 635e86c750786dd41bf29f5b1fc702f4,
        type: 3}
      propertyPath: m_StaticEditorFlags
      value: 4294967295
      objectReference: {fileID: 0}
    - target: {fileID: 5522993641802487712, guid: 635e86c750786dd41bf29f5b1fc702f4,
        type: 3}
      propertyPath: m_StaticEditorFlags
      value: 4294967295
      objectReference: {fileID: 0}
    - target: {fileID: 7468680149400775819, guid: 635e86c750786dd41bf29f5b1fc702f4,
        type: 3}
      propertyPath: m_StaticEditorFlags
      value: 4294967295
      objectReference: {fileID: 0}
    - target: {fileID: 8217140378896737229, guid: 635e86c750786dd41bf29f5b1fc702f4,
        type: 3}
      propertyPath: m_StaticEditorFlags
      value: 4294967295
      objectReference: {fileID: 0}
    - target: {fileID: 8781818270632163845, guid: 635e86c750786dd41bf29f5b1fc702f4,
        type: 3}
      propertyPath: m_StaticEditorFlags
      value: 4294967295
      objectReference: {fileID: 0}
    m_RemovedComponents: []
  m_SourcePrefab: {fileID: 100100000, guid: 635e86c750786dd41bf29f5b1fc702f4, type: 3}
--- !u!1001 &6857983558281452298
PrefabInstance:
  m_ObjectHideFlags: 0
  serializedVersion: 2
  m_Modification:
    m_TransformParent: {fileID: 6846271169266445235}
    m_Modifications:
    - target: {fileID: 15078157110378627, guid: bf8f7d75be947bb4d8883ad570052bad,
        type: 3}
      propertyPath: m_StaticEditorFlags
      value: 4294967295
      objectReference: {fileID: 0}
    - target: {fileID: 478950268442319224, guid: bf8f7d75be947bb4d8883ad570052bad,
        type: 3}
      propertyPath: m_Name
      value: SM_Box02
      objectReference: {fileID: 0}
    - target: {fileID: 478950268442319224, guid: bf8f7d75be947bb4d8883ad570052bad,
        type: 3}
      propertyPath: m_StaticEditorFlags
      value: 4294967295
      objectReference: {fileID: 0}
    - target: {fileID: 1776397443235819741, guid: bf8f7d75be947bb4d8883ad570052bad,
        type: 3}
      propertyPath: m_StaticEditorFlags
      value: 4294967295
      objectReference: {fileID: 0}
    - target: {fileID: 2393329139972559956, guid: bf8f7d75be947bb4d8883ad570052bad,
        type: 3}
      propertyPath: m_StaticEditorFlags
      value: 4294967295
      objectReference: {fileID: 0}
    - target: {fileID: 3530482786786077547, guid: bf8f7d75be947bb4d8883ad570052bad,
        type: 3}
      propertyPath: m_LocalPosition.x
      value: 0.116
      objectReference: {fileID: 0}
    - target: {fileID: 3530482786786077547, guid: bf8f7d75be947bb4d8883ad570052bad,
        type: 3}
      propertyPath: m_LocalPosition.y
      value: 0.25600004
      objectReference: {fileID: 0}
    - target: {fileID: 3530482786786077547, guid: bf8f7d75be947bb4d8883ad570052bad,
        type: 3}
      propertyPath: m_LocalPosition.z
      value: -1.328
      objectReference: {fileID: 0}
    - target: {fileID: 3530482786786077547, guid: bf8f7d75be947bb4d8883ad570052bad,
        type: 3}
      propertyPath: m_LocalRotation.x
      value: -0
      objectReference: {fileID: 0}
    - target: {fileID: 3530482786786077547, guid: bf8f7d75be947bb4d8883ad570052bad,
        type: 3}
      propertyPath: m_LocalRotation.y
      value: 0.67581165
      objectReference: {fileID: 0}
    - target: {fileID: 3530482786786077547, guid: bf8f7d75be947bb4d8883ad570052bad,
        type: 3}
      propertyPath: m_LocalRotation.z
      value: -0
      objectReference: {fileID: 0}
    - target: {fileID: 3530482786786077547, guid: bf8f7d75be947bb4d8883ad570052bad,
        type: 3}
      propertyPath: m_LocalRotation.w
      value: 0.7370744
      objectReference: {fileID: 0}
    - target: {fileID: 3530482786786077547, guid: bf8f7d75be947bb4d8883ad570052bad,
        type: 3}
      propertyPath: m_RootOrder
      value: 2
      objectReference: {fileID: 0}
    - target: {fileID: 3530482786786077547, guid: bf8f7d75be947bb4d8883ad570052bad,
        type: 3}
      propertyPath: m_LocalEulerAnglesHint.x
      value: 0
      objectReference: {fileID: 0}
    - target: {fileID: 3530482786786077547, guid: bf8f7d75be947bb4d8883ad570052bad,
        type: 3}
      propertyPath: m_LocalEulerAnglesHint.y
      value: 85.034004
      objectReference: {fileID: 0}
    - target: {fileID: 3530482786786077547, guid: bf8f7d75be947bb4d8883ad570052bad,
        type: 3}
      propertyPath: m_LocalEulerAnglesHint.z
      value: 0
      objectReference: {fileID: 0}
    - target: {fileID: 4927401837480996127, guid: bf8f7d75be947bb4d8883ad570052bad,
        type: 3}
      propertyPath: m_StaticEditorFlags
      value: 4294967295
      objectReference: {fileID: 0}
    - target: {fileID: 6237542424437998634, guid: bf8f7d75be947bb4d8883ad570052bad,
        type: 3}
      propertyPath: m_StaticEditorFlags
      value: 4294967295
      objectReference: {fileID: 0}
    - target: {fileID: 8257000458293354556, guid: bf8f7d75be947bb4d8883ad570052bad,
        type: 3}
      propertyPath: m_StaticEditorFlags
      value: 4294967295
      objectReference: {fileID: 0}
    m_RemovedComponents: []
  m_SourcePrefab: {fileID: 100100000, guid: bf8f7d75be947bb4d8883ad570052bad, type: 3}
--- !u!1001 &7028070725257078591
PrefabInstance:
  m_ObjectHideFlags: 0
  serializedVersion: 2
  m_Modification:
    m_TransformParent: {fileID: 312476264987006238}
    m_Modifications:
    - target: {fileID: 461489211113817999, guid: b8194f07e3a4bc94781d7ba6353b0925,
        type: 3}
      propertyPath: m_StaticEditorFlags
      value: 4294967295
      objectReference: {fileID: 0}
    - target: {fileID: 2321617537238399501, guid: b8194f07e3a4bc94781d7ba6353b0925,
        type: 3}
      propertyPath: m_StaticEditorFlags
      value: 4294967295
      objectReference: {fileID: 0}
    - target: {fileID: 3675126335398024469, guid: b8194f07e3a4bc94781d7ba6353b0925,
        type: 3}
      propertyPath: m_StaticEditorFlags
      value: 4294967295
      objectReference: {fileID: 0}
    - target: {fileID: 5851003794586860255, guid: b8194f07e3a4bc94781d7ba6353b0925,
        type: 3}
      propertyPath: m_Name
      value: SM_CartonBox01 (2)
      objectReference: {fileID: 0}
    - target: {fileID: 5851003794586860255, guid: b8194f07e3a4bc94781d7ba6353b0925,
        type: 3}
      propertyPath: m_StaticEditorFlags
      value: 4294967295
      objectReference: {fileID: 0}
    - target: {fileID: 6122829379072063525, guid: b8194f07e3a4bc94781d7ba6353b0925,
        type: 3}
      propertyPath: m_StaticEditorFlags
      value: 4294967295
      objectReference: {fileID: 0}
    - target: {fileID: 7451673062427658444, guid: b8194f07e3a4bc94781d7ba6353b0925,
        type: 3}
      propertyPath: m_LocalPosition.x
      value: 0.03
      objectReference: {fileID: 0}
    - target: {fileID: 7451673062427658444, guid: b8194f07e3a4bc94781d7ba6353b0925,
        type: 3}
      propertyPath: m_LocalPosition.y
      value: 5.758
      objectReference: {fileID: 0}
    - target: {fileID: 7451673062427658444, guid: b8194f07e3a4bc94781d7ba6353b0925,
        type: 3}
      propertyPath: m_LocalPosition.z
      value: 0.356
      objectReference: {fileID: 0}
    - target: {fileID: 7451673062427658444, guid: b8194f07e3a4bc94781d7ba6353b0925,
        type: 3}
      propertyPath: m_LocalRotation.x
      value: -0
      objectReference: {fileID: 0}
    - target: {fileID: 7451673062427658444, guid: b8194f07e3a4bc94781d7ba6353b0925,
        type: 3}
      propertyPath: m_LocalRotation.y
      value: -0.8072249
      objectReference: {fileID: 0}
    - target: {fileID: 7451673062427658444, guid: b8194f07e3a4bc94781d7ba6353b0925,
        type: 3}
      propertyPath: m_LocalRotation.z
      value: -0
      objectReference: {fileID: 0}
    - target: {fileID: 7451673062427658444, guid: b8194f07e3a4bc94781d7ba6353b0925,
        type: 3}
      propertyPath: m_LocalRotation.w
      value: -0.59024405
      objectReference: {fileID: 0}
    - target: {fileID: 7451673062427658444, guid: b8194f07e3a4bc94781d7ba6353b0925,
        type: 3}
      propertyPath: m_RootOrder
      value: 8
      objectReference: {fileID: 0}
    - target: {fileID: 7451673062427658444, guid: b8194f07e3a4bc94781d7ba6353b0925,
        type: 3}
      propertyPath: m_LocalEulerAnglesHint.x
      value: 0
      objectReference: {fileID: 0}
    - target: {fileID: 7451673062427658444, guid: b8194f07e3a4bc94781d7ba6353b0925,
        type: 3}
      propertyPath: m_LocalEulerAnglesHint.y
      value: -252.349
      objectReference: {fileID: 0}
    - target: {fileID: 7451673062427658444, guid: b8194f07e3a4bc94781d7ba6353b0925,
        type: 3}
      propertyPath: m_LocalEulerAnglesHint.z
      value: 0
      objectReference: {fileID: 0}
    m_RemovedComponents: []
  m_SourcePrefab: {fileID: 100100000, guid: b8194f07e3a4bc94781d7ba6353b0925, type: 3}
--- !u!1001 &7434893564008978698
PrefabInstance:
  m_ObjectHideFlags: 0
  serializedVersion: 2
  m_Modification:
    m_TransformParent: {fileID: 312476264987006238}
    m_Modifications:
    - target: {fileID: 253168513831934054, guid: 871c7158e63b7614cb6312ca8b4cd642,
        type: 3}
      propertyPath: m_StaticEditorFlags
      value: 4294967295
      objectReference: {fileID: 0}
    - target: {fileID: 909996826719806469, guid: 871c7158e63b7614cb6312ca8b4cd642,
        type: 3}
      propertyPath: m_Name
      value: SM_CartonBox03
      objectReference: {fileID: 0}
    - target: {fileID: 909996826719806469, guid: 871c7158e63b7614cb6312ca8b4cd642,
        type: 3}
      propertyPath: m_StaticEditorFlags
      value: 4294967295
      objectReference: {fileID: 0}
    - target: {fileID: 3684438259525735018, guid: 871c7158e63b7614cb6312ca8b4cd642,
        type: 3}
      propertyPath: m_StaticEditorFlags
      value: 4294967295
      objectReference: {fileID: 0}
    - target: {fileID: 4250180416634033686, guid: 871c7158e63b7614cb6312ca8b4cd642,
        type: 3}
      propertyPath: m_LocalPosition.x
      value: -0.088484
      objectReference: {fileID: 0}
    - target: {fileID: 4250180416634033686, guid: 871c7158e63b7614cb6312ca8b4cd642,
        type: 3}
      propertyPath: m_LocalPosition.y
      value: 5.739
      objectReference: {fileID: 0}
    - target: {fileID: 4250180416634033686, guid: 871c7158e63b7614cb6312ca8b4cd642,
        type: 3}
      propertyPath: m_LocalPosition.z
      value: 1.9696208
      objectReference: {fileID: 0}
    - target: {fileID: 4250180416634033686, guid: 871c7158e63b7614cb6312ca8b4cd642,
        type: 3}
      propertyPath: m_LocalRotation.x
      value: -0
      objectReference: {fileID: 0}
    - target: {fileID: 4250180416634033686, guid: 871c7158e63b7614cb6312ca8b4cd642,
        type: 3}
      propertyPath: m_LocalRotation.y
      value: 0.3939781
      objectReference: {fileID: 0}
    - target: {fileID: 4250180416634033686, guid: 871c7158e63b7614cb6312ca8b4cd642,
        type: 3}
      propertyPath: m_LocalRotation.z
      value: -0
      objectReference: {fileID: 0}
    - target: {fileID: 4250180416634033686, guid: 871c7158e63b7614cb6312ca8b4cd642,
        type: 3}
      propertyPath: m_LocalRotation.w
      value: 0.9191199
      objectReference: {fileID: 0}
    - target: {fileID: 4250180416634033686, guid: 871c7158e63b7614cb6312ca8b4cd642,
        type: 3}
      propertyPath: m_RootOrder
      value: 9
      objectReference: {fileID: 0}
    - target: {fileID: 4250180416634033686, guid: 871c7158e63b7614cb6312ca8b4cd642,
        type: 3}
      propertyPath: m_LocalEulerAnglesHint.x
      value: 0
      objectReference: {fileID: 0}
    - target: {fileID: 4250180416634033686, guid: 871c7158e63b7614cb6312ca8b4cd642,
        type: 3}
      propertyPath: m_LocalEulerAnglesHint.y
      value: 46.405003
      objectReference: {fileID: 0}
    - target: {fileID: 4250180416634033686, guid: 871c7158e63b7614cb6312ca8b4cd642,
        type: 3}
      propertyPath: m_LocalEulerAnglesHint.z
      value: 0
      objectReference: {fileID: 0}
    - target: {fileID: 4986182315202892863, guid: 871c7158e63b7614cb6312ca8b4cd642,
        type: 3}
      propertyPath: m_StaticEditorFlags
      value: 4294967295
      objectReference: {fileID: 0}
    - target: {fileID: 7994419388129654909, guid: 871c7158e63b7614cb6312ca8b4cd642,
        type: 3}
      propertyPath: m_StaticEditorFlags
      value: 4294967295
      objectReference: {fileID: 0}
    - target: {fileID: 8537682232577042728, guid: 871c7158e63b7614cb6312ca8b4cd642,
        type: 3}
      propertyPath: m_StaticEditorFlags
      value: 4294967295
      objectReference: {fileID: 0}
    m_RemovedComponents: []
  m_SourcePrefab: {fileID: 100100000, guid: 871c7158e63b7614cb6312ca8b4cd642, type: 3}
