%YAML 1.1
%TAG !u! tag:unity3d.com,2011:
--- !u!1 &6728300586244122468
GameObject:
  m_ObjectHideFlags: 0
  m_CorrespondingSourceObject: {fileID: 0}
  m_PrefabInstance: {fileID: 0}
  m_PrefabAsset: {fileID: 0}
  serializedVersion: 6
  m_Component:
  - component: {fileID: 6286036843838210880}
  m_Layer: 0
  m_Name: Turbojet Engine
  m_TagString: Untagged
  m_Icon: {fileID: 0}
  m_NavMeshLayer: 0
  m_StaticEditorFlags: 0
  m_IsActive: 1
--- !u!4 &6286036843838210880
Transform:
  m_ObjectHideFlags: 0
  m_CorrespondingSourceObject: {fileID: 0}
  m_PrefabInstance: {fileID: 0}
  m_PrefabAsset: {fileID: 0}
  m_GameObject: {fileID: 6728300586244122468}
  m_LocalRotation: {x: 0, y: 0, z: 0, w: 1}
  m_LocalPosition: {x: 0, y: 0, z: 0}
  m_LocalScale: {x: 1, y: 1, z: 1}
  m_Children:
  - {fileID: 5955043068291654425}
  - {fileID: 1081140638222224960}
  - {fileID: 2056471964914642558}
  m_Father: {fileID: 0}
  m_RootOrder: 0
  m_LocalEulerAnglesHint: {x: 0, y: 0, z: 0}
--- !u!1001 &1719852583779338243
PrefabInstance:
  m_ObjectHideFlags: 0
  serializedVersion: 2
  m_Modification:
    m_TransformParent: {fileID: 6286036843838210880}
    m_Modifications:
    - target: {fileID: -4216859302048453862, guid: ca6bc345bb5ff184aa0473bcd5742f87,
        type: 3}
      propertyPath: m_LocalPosition.x
      value: 0
      objectReference: {fileID: 0}
    - target: {fileID: -4216859302048453862, guid: ca6bc345bb5ff184aa0473bcd5742f87,
        type: 3}
      propertyPath: m_LocalPosition.y
      value: 0
      objectReference: {fileID: 0}
    - target: {fileID: -4216859302048453862, guid: ca6bc345bb5ff184aa0473bcd5742f87,
        type: 3}
      propertyPath: m_LocalPosition.z
      value: 0
      objectReference: {fileID: 0}
    - target: {fileID: -4216859302048453862, guid: ca6bc345bb5ff184aa0473bcd5742f87,
        type: 3}
      propertyPath: m_LocalRotation.x
      value: -0.7071068
      objectReference: {fileID: 0}
    - target: {fileID: -4216859302048453862, guid: ca6bc345bb5ff184aa0473bcd5742f87,
        type: 3}
      propertyPath: m_LocalRotation.y
      value: -0
      objectReference: {fileID: 0}
    - target: {fileID: -4216859302048453862, guid: ca6bc345bb5ff184aa0473bcd5742f87,
        type: 3}
      propertyPath: m_LocalRotation.z
      value: -0
      objectReference: {fileID: 0}
    - target: {fileID: -4216859302048453862, guid: ca6bc345bb5ff184aa0473bcd5742f87,
        type: 3}
      propertyPath: m_LocalRotation.w
      value: 0.7071068
      objectReference: {fileID: 0}
    - target: {fileID: -4216859302048453862, guid: ca6bc345bb5ff184aa0473bcd5742f87,
        type: 3}
      propertyPath: m_RootOrder
      value: 0
      objectReference: {fileID: 0}
    - target: {fileID: -4216859302048453862, guid: ca6bc345bb5ff184aa0473bcd5742f87,
        type: 3}
      propertyPath: m_LocalEulerAnglesHint.x
      value: 0
      objectReference: {fileID: 0}
    - target: {fileID: -4216859302048453862, guid: ca6bc345bb5ff184aa0473bcd5742f87,
        type: 3}
      propertyPath: m_LocalEulerAnglesHint.y
      value: 0
      objectReference: {fileID: 0}
    - target: {fileID: -4216859302048453862, guid: ca6bc345bb5ff184aa0473bcd5742f87,
        type: 3}
      propertyPath: m_LocalEulerAnglesHint.z
      value: 0
      objectReference: {fileID: 0}
    - target: {fileID: -927199367670048503, guid: ca6bc345bb5ff184aa0473bcd5742f87,
        type: 3}
      propertyPath: m_Name
      value: Unreal_Engine_4_BodySide_BodySide
      objectReference: {fileID: 0}
    m_RemovedComponents: []
  m_SourcePrefab: {fileID: 100100000, guid: ca6bc345bb5ff184aa0473bcd5742f87, type: 3}
--- !u!4 &5955043068291654425 stripped
Transform:
  m_CorrespondingSourceObject: {fileID: -4216859302048453862, guid: ca6bc345bb5ff184aa0473bcd5742f87,
    type: 3}
  m_PrefabInstance: {fileID: 1719852583779338243}
  m_PrefabAsset: {fileID: 0}
--- !u!1001 &5366689180453709146
PrefabInstance:
  m_ObjectHideFlags: 0
  serializedVersion: 2
  m_Modification:
    m_TransformParent: {fileID: 6286036843838210880}
    m_Modifications:
    - target: {fileID: -4216859302048453862, guid: 8406957ed1669c643bde54c2791926a9,
        type: 3}
      propertyPath: m_LocalPosition.x
      value: -0
      objectReference: {fileID: 0}
    - target: {fileID: -4216859302048453862, guid: 8406957ed1669c643bde54c2791926a9,
        type: 3}
      propertyPath: m_LocalPosition.y
      value: 0
      objectReference: {fileID: 0}
    - target: {fileID: -4216859302048453862, guid: 8406957ed1669c643bde54c2791926a9,
        type: 3}
      propertyPath: m_LocalPosition.z
      value: 0
      objectReference: {fileID: 0}
    - target: {fileID: -4216859302048453862, guid: 8406957ed1669c643bde54c2791926a9,
        type: 3}
      propertyPath: m_LocalRotation.x
      value: -0.7071068
      objectReference: {fileID: 0}
    - target: {fileID: -4216859302048453862, guid: 8406957ed1669c643bde54c2791926a9,
        type: 3}
      propertyPath: m_LocalRotation.y
      value: 0
      objectReference: {fileID: 0}
    - target: {fileID: -4216859302048453862, guid: 8406957ed1669c643bde54c2791926a9,
        type: 3}
      propertyPath: m_LocalRotation.z
      value: -0
      objectReference: {fileID: 0}
    - target: {fileID: -4216859302048453862, guid: 8406957ed1669c643bde54c2791926a9,
        type: 3}
      propertyPath: m_LocalRotation.w
      value: 0.7071068
      objectReference: {fileID: 0}
    - target: {fileID: -4216859302048453862, guid: 8406957ed1669c643bde54c2791926a9,
        type: 3}
      propertyPath: m_RootOrder
      value: 1
      objectReference: {fileID: 0}
    - target: {fileID: -4216859302048453862, guid: 8406957ed1669c643bde54c2791926a9,
        type: 3}
      propertyPath: m_LocalEulerAnglesHint.x
      value: 0
      objectReference: {fileID: 0}
    - target: {fileID: -4216859302048453862, guid: 8406957ed1669c643bde54c2791926a9,
        type: 3}
      propertyPath: m_LocalEulerAnglesHint.y
      value: 0
      objectReference: {fileID: 0}
    - target: {fileID: -4216859302048453862, guid: 8406957ed1669c643bde54c2791926a9,
        type: 3}
      propertyPath: m_LocalEulerAnglesHint.z
      value: 0
      objectReference: {fileID: 0}
    - target: {fileID: -927199367670048503, guid: 8406957ed1669c643bde54c2791926a9,
        type: 3}
      propertyPath: m_Name
      value: Unreal_Engine_4_Prop_Prop
      objectReference: {fileID: 0}
    m_RemovedComponents: []
  m_SourcePrefab: {fileID: 100100000, guid: 8406957ed1669c643bde54c2791926a9, type: 3}
--- !u!4 &1081140638222224960 stripped
Transform:
  m_CorrespondingSourceObject: {fileID: -4216859302048453862, guid: 8406957ed1669c643bde54c2791926a9,
    type: 3}
  m_PrefabInstance: {fileID: 5366689180453709146}
  m_PrefabAsset: {fileID: 0}
--- !u!1001 &6480885016100390244
PrefabInstance:
  m_ObjectHideFlags: 0
  serializedVersion: 2
  m_Modification:
    m_TransformParent: {fileID: 6286036843838210880}
    m_Modifications:
    - target: {fileID: -4216859302048453862, guid: fdfa214c54faf4a44aab9ec25040b9d6,
        type: 3}
      propertyPath: m_LocalPosition.x
      value: -0
      objectReference: {fileID: 0}
    - target: {fileID: -4216859302048453862, guid: fdfa214c54faf4a44aab9ec25040b9d6,
        type: 3}
      propertyPath: m_LocalPosition.y
      value: 0
      objectReference: {fileID: 0}
    - target: {fileID: -4216859302048453862, guid: fdfa214c54faf4a44aab9ec25040b9d6,
        type: 3}
      propertyPath: m_LocalPosition.z
      value: 0
      objectReference: {fileID: 0}
    - target: {fileID: -4216859302048453862, guid: fdfa214c54faf4a44aab9ec25040b9d6,
        type: 3}
      propertyPath: m_LocalRotation.x
      value: -0.7071068
      objectReference: {fileID: 0}
    - target: {fileID: -4216859302048453862, guid: fdfa214c54faf4a44aab9ec25040b9d6,
        type: 3}
      propertyPath: m_LocalRotation.y
      value: 0
      objectReference: {fileID: 0}
    - target: {fileID: -4216859302048453862, guid: fdfa214c54faf4a44aab9ec25040b9d6,
        type: 3}
      propertyPath: m_LocalRotation.z
      value: -0
      objectReference: {fileID: 0}
    - target: {fileID: -4216859302048453862, guid: fdfa214c54faf4a44aab9ec25040b9d6,
        type: 3}
      propertyPath: m_LocalRotation.w
      value: 0.7071068
      objectReference: {fileID: 0}
    - target: {fileID: -4216859302048453862, guid: fdfa214c54faf4a44aab9ec25040b9d6,
        type: 3}
      propertyPath: m_RootOrder
      value: 2
      objectReference: {fileID: 0}
    - target: {fileID: -4216859302048453862, guid: fdfa214c54faf4a44aab9ec25040b9d6,
        type: 3}
      propertyPath: m_LocalEulerAnglesHint.x
      value: 0
      objectReference: {fileID: 0}
    - target: {fileID: -4216859302048453862, guid: fdfa214c54faf4a44aab9ec25040b9d6,
        type: 3}
      propertyPath: m_LocalEulerAnglesHint.y
      value: 0
      objectReference: {fileID: 0}
    - target: {fileID: -4216859302048453862, guid: fdfa214c54faf4a44aab9ec25040b9d6,
        type: 3}
      propertyPath: m_LocalEulerAnglesHint.z
      value: 0
      objectReference: {fileID: 0}
    - target: {fileID: -927199367670048503, guid: fdfa214c54faf4a44aab9ec25040b9d6,
        type: 3}
      propertyPath: m_Name
      value: Unreal_Engine_4_Wiring+Pipes001_Wiring+Pipes001
      objectReference: {fileID: 0}
    m_RemovedComponents: []
  m_SourcePrefab: {fileID: 100100000, guid: fdfa214c54faf4a44aab9ec25040b9d6, type: 3}
--- !u!4 &2056471964914642558 stripped
Transform:
  m_CorrespondingSourceObject: {fileID: -4216859302048453862, guid: fdfa214c54faf4a44aab9ec25040b9d6,
    type: 3}
  m_PrefabInstance: {fileID: 6480885016100390244}
  m_PrefabAsset: {fileID: 0}
